{"gold_per_floor":[110,110,126,126,126,153,153,169,169,189,205,130,130,158,158,236,236,251,261,271,196,207,207,207],"floor_reached":24,"playtime":958,"items_purged":["Sever Soul"],"score":466,"play_id":"1ca85eb3-7e74-4e4c-87ee-a9f6036d9d56","local_time":"20240106212332","is_ascension_mode":true,"campfire_choices":[{"data":"Rampage","floor":7,"key":"SMITH"},{"data":"Pommel Strike","floor":13,"key":"SMITH"},{"data":"Power Through","floor":15,"key":"SMITH"},{"data":"True Grit","floor":23,"key":"SMITH"}],"neow_cost":"NONE","seed_source_timestamp":2113139770006199,"circlet_count":0,"master_deck":["AscendersBane","Bash+1","Second Wind+1","Second Wind+1","Shrug It Off","Rampage+1","Pommel Strike+1","Feel No Pain","Power Through+1","Thunderclap","Cleave","Exhume","Feel No Pain","Bloodletting","Blood for Blood","True Grit+1","Headbutt","True Grit+1"],"relics":["Burning Blood","NeowsBlessing","Torii","Turnip","War Paint","Pandora\u0027s Box"],"potions_floor_usage":[24],"damage_taken":[{"damage":0,"enemies":"Jaw Worm","floor":1,"turns":1},{"damage":0,"enemies":"Small Slimes","floor":3,"turns":1},{"damage":0,"enemies":"3 Sentries","floor":6,"turns":1},{"damage":1,"enemies":"2 Louse","floor":8,"turns":3},{"damage":3,"enemies":"Exordium Thugs","floor":10,"turns":5},{"damage":1,"enemies":"Large Slime","floor":11,"turns":6},{"damage":29,"enemies":"Gremlin Nob","floor":14,"turns":4},{"damage":43,"enemies":"The Guardian","floor":16,"turns":12},{"damage":6,"enemies":"Chosen","floor":18,"turns":7},{"damage":13,"enemies":"Shell Parasite","floor":19,"turns":7},{"damage":8,"enemies":"Sentry and Sphere","floor":20,"turns":10},{"damage":24,"enemies":"Cultist and Chosen","floor":22,"turns":8},{"damage":37,"enemies":"Book of Stabbing","floor":24,"turns":6}],"seed_played":"-8524380445497110448","potions_obtained":[{"floor":1,"key":"Explosive Potion"},{"floor":8,"key":"GamblersBrew"}],"is_trial":false,"path_per_floor":["M","?","M","?","?","E","R","M","T","M","M","?","R","E","R","B",null,"M","M","M","$","M","R","E"],"character_chosen":"IRONCLAD","items_purchased":[],"campfire_rested":0,"item_purchase_floors":[],"current_hp_per_floor":[74,74,75,52,52,58,58,63,63,66,71,71,71,48,48,11,59,59,52,50,50,32,32,0],"gold":207,"neow_bonus":"THREE_ENEMY_KILL","is_prod":false,"is_daily":false,"chose_seed":false,"campfire_upgraded":4,"win_rate":0,"timestamp":1704605012,"path_taken":["M","?","M","?","?","E","R","M","T","M","?","?","R","E","R","BOSS","M","M","M","$","M","R","E"],"build_version":"2022-12-18","purchased_purges":1,"victory":false,"max_hp_per_floor":[75,75,75,75,75,75,75,75,75,75,75,75,75,75,75,75,75,75,75,75,75,75,75,75],"card_choices":[{"not_picked":["Iron Wave","Havoc"],"picked":"Second Wind","floor":1},{"not_picked":["Iron Wave","Flex"],"picked":"Shrug It Off","floor":3},{"not_picked":["Sever Soul","True Grit"],"picked":"Rampage","floor":6},{"not_picked":["Spot Weakness","Burning Pact"],"picked":"Pommel Strike","floor":8},{"not_picked":["Havoc","Intimidate","Armaments"],"picked":"SKIP","floor":10},{"not_picked":["Metallicize","True Grit"],"picked":"Feel No Pain","floor":11},{"not_picked":["Havoc","Reaper"],"picked":"Power Through","floor":14},{"not_picked":["True Grit","Twin Strike+1","Iron Wave"],"picked":"SKIP","floor":18},{"not_picked":["Rampage","Iron Wave"],"picked":"True Grit","floor":19},{"not_picked":["Warcry","Shrug It Off"],"picked":"Headbutt","floor":20},{"not_picked":["Warcry","Rupture"],"picked":"True Grit+1","floor":22}],"player_experience":1195859,"relics_obtained":[{"floor":6,"key":"Torii"},{"floor":9,"key":"Turnip"},{"floor":14,"key":"War Paint"}],"event_choices":[{"damage_healed":0,"gold_gain":0,"cards_transformed":["Strike_R"],"player_choice":"Change","damage_taken":0,"max_hp_gain":0,"max_hp_loss":0,"event_name":"Living Wall","floor":2,"gold_loss":0,"cards_obtained":["Second Wind"]},{"damage_healed":0,"gold_gain":0,"player_choice":"Entered Light","damage_taken":23,"max_hp_gain":0,"max_hp_loss":0,"event_name":"Shining Light","floor":4,"gold_loss":0,"cards_upgraded":["Strike_R","Second Wind"]},{"damage_healed":0,"gold_gain":0,"player_choice":"Forge","damage_taken":0,"max_hp_gain":0,"max_hp_loss":0,"event_name":"Accursed Blacksmith","floor":5,"gold_loss":0,"cards_upgraded":["Bash"]},{"cards_removed":["Strike_R"],"damage_healed":0,"gold_gain":0,"player_choice":"Card Removal","damage_taken":0,"max_hp_gain":0,"max_hp_loss":0,"event_name":"The Cleric","floor":12,"gold_loss":75}],"is_beta":false,"boss_relics":[{"not_picked":["SlaversCollar","Runic Dome"],"picked":"Pandora\u0027s Box"}],"items_purged_floors":[21],"is_endless":false,"potions_floor_spawned":[1,8,11,18],"killed_by":"Book of Stabbing","ascension_level":20}