{"gold_per_floor":[112,37,55,68,83,108,123,151,198,198,223,171,171],"floor_reached":13,"playtime":471,"items_purged":["Clumsy"],"score":210,"play_id":"411c1277-b41e-4a55-ae4d-7e44f4a5ab55","local_time":"20240107010621","is_ascension_mode":true,"campfire_choices":[{"floor":10,"key":"REST"}],"neow_cost":"CURSE","seed_source_timestamp":2126995266718400,"circlet_count":0,"master_deck":["AscendersBane","Strike_R","Strike_R","Strike_R","Strike_R","Strike_R","Defend_R","Defend_R","Defend_R","Defend_R","Bash","Immolate","Battle Trance","Twin Strike","Disarm","Shockwave","Feel No Pain","Battle Trance"],"relics":["Burning Blood","Toy Ornithopter","Bag of Preparation","Nunchaku","Bottled Flame"],"potions_floor_usage":[6,7,8],"damage_taken":[{"damage":1,"enemies":"Cultist","floor":1,"turns":3},{"damage":18,"enemies":"Jaw Worm","floor":3,"turns":4},{"damage":10,"enemies":"Small Slimes","floor":4,"turns":3},{"damage":6,"enemies":"Looter","floor":5,"turns":2},{"damage":45,"enemies":"Lagavulin","floor":6,"turns":8},{"damage":0,"enemies":"3 Louse","floor":7,"turns":4},{"damage":23,"enemies":"3 Sentries","floor":8,"turns":5},{"damage":31,"enemies":"Lagavulin","floor":11,"turns":9},{"damage":20,"enemies":"3 Sentries","floor":13,"turns":2}],"seed_played":"-410406943544542637","potions_obtained":[{"floor":1,"key":"SneckoOil"},{"floor":5,"key":"Swift Potion"},{"floor":6,"key":"SkillPotion"},{"floor":8,"key":"FearPotion"}],"is_trial":false,"path_per_floor":["M","$","M","M","M","E","M","E","T","R","E","?","E"],"character_chosen":"IRONCLAD","items_purchased":[],"campfire_rested":1,"item_purchase_floors":[],"current_hp_per_floor":[73,73,61,57,57,18,29,17,17,39,14,14,0],"gold":171,"neow_bonus":"THREE_RARE_CARDS","is_prod":false,"is_daily":false,"chose_seed":false,"campfire_upgraded":0,"win_rate":0,"timestamp":1704618381,"path_taken":["M","$","?","M","M","E","M","E","T","R","E","?","E"],"build_version":"2022-12-18","purchased_purges":1,"victory":false,"max_hp_per_floor":[75,75,75,75,75,75,75,75,75,75,75,75,75],"card_choices":[{"not_picked":["Fiend Fire","Demon Form"],"picked":"Immolate","floor":0},{"not_picked":["Warcry","Cleave","Clash"],"picked":"SKIP","floor":1},{"not_picked":["Searing Blow","Inflame"],"picked":"Battle Trance","floor":3},{"not_picked":["Wild Strike","Reckless Charge"],"picked":"Twin Strike","floor":4},{"not_picked":["Heavy Blade","Clash"],"picked":"Disarm","floor":5},{"not_picked":["Pummel","Shrug It Off"],"picked":"Shockwave","floor":6},{"not_picked":["Cleave","Clash","Warcry"],"picked":"SKIP","floor":7},{"not_picked":["Reckless Charge","Brutality"],"picked":"Feel No Pain","floor":8},{"not_picked":["Burning Pact","Dropkick"],"picked":"Battle Trance","floor":11}],"player_experience":1203919,"relics_obtained":[{"floor":6,"key":"Toy Ornithopter"},{"floor":8,"key":"Bag of Preparation"},{"floor":9,"key":"Nunchaku"},{"floor":11,"key":"Bottled Flame"}],"event_choices":[{"damage_healed":0,"gold_gain":0,"player_choice":"Left Gold","damage_taken":0,"max_hp_gain":0,"max_hp_loss":0,"event_name":"World of Goop","floor":12,"gold_loss":52}],"is_beta":false,"boss_relics":[],"items_purged_floors":[2],"is_endless":false,"potions_floor_spawned":[1,5,6,8],"killed_by":"3 Sentries","ascension_level":20}