{"gold_per_floor":[114,125,125,145,162,162,190,190,217,249,259,288,299,316,316,389,389,407,407,407,175,195,195,215,248,248,248,263,280,290,323,323,323],"floor_reached":33,"playtime":1279,"items_purged":["Strike_R"],"score":622,"play_id":"5482f665-54b9-4551-b7b9-67d7ba0fafc1","local_time":"20240107003908","is_ascension_mode":true,"campfire_choices":[{"data":"Inflame","floor":6.0,"key":"SMITH"},{"data":"Twin Strike","floor":8.0,"key":"SMITH"},{"data":"Shockwave","floor":15.0,"key":"SMITH"},{"data":"Immolate","floor":23.0,"key":"SMITH"},{"floor":27,"key":"REST"},{"floor":32,"key":"REST"}],"neow_cost":"NONE","seed_source_timestamp":2124533533777900,"circlet_count":0,"master_deck":["AscendersBane","Strike_R","Strike_R","Strike_R","Defend_R","Defend_R","Defend_R","Defend_R","Bash+1","Hemokinesis","Twin Strike+1","Headbutt","Inflame+1","Evolve","Disarm","Shockwave+1","Immolate+1","Second Wind","Dark Embrace","Spot Weakness","Limit Break","Heavy Blade","Feel No Pain"],"special_seed":0,"relics":["Burning Blood","Strawberry","Potion Belt","PreservedInsect","Orichalcum","Cursed Key","CaptainsWheel","Incense Burner"],"potions_floor_usage":[30,33,33],"damage_taken":[{"damage":14.0,"enemies":"Jaw Worm","floor":1.0,"turns":5.0},{"damage":1.0,"enemies":"Cultist","floor":2.0,"turns":3.0},{"damage":7.0,"enemies":"Small Slimes","floor":4.0,"turns":4.0},{"damage":7.0,"enemies":"Exordium Wildlife","floor":5.0,"turns":4.0},{"damage":29.0,"enemies":"Lagavulin","floor":7.0,"turns":6.0},{"damage":12.0,"enemies":"Gremlin Nob","floor":10.0,"turns":3.0},{"damage":31.0,"enemies":"Exordium Thugs","floor":11.0,"turns":4.0},{"damage":13.0,"enemies":"Lagavulin","floor":12.0,"turns":6.0},{"damage":2.0,"enemies":"Blue Slaver","floor":13.0,"turns":4.0},{"damage":3.0,"enemies":"2 Fungi Beasts","floor":14.0,"turns":3.0},{"damage":6.0,"enemies":"Hexaghost","floor":16.0,"turns":6.0},{"damage":3.0,"enemies":"Chosen","floor":18.0,"turns":3.0},{"damage":14.0,"enemies":"Shell Parasite","floor":22.0,"turns":3.0},{"damage":9.0,"enemies":"Snecko","floor":24.0,"turns":4.0},{"damage":23.0,"enemies":"Gremlin Leader","floor":25.0,"turns":5.0},{"damage":0,"enemies":"3 Cultists","floor":28,"turns":4},{"damage":23,"enemies":"Snake Plant","floor":29,"turns":5},{"damage":6,"enemies":"Snecko","floor":30,"turns":5},{"damage":16,"enemies":"Book of Stabbing","floor":31,"turns":3},{"damage":52,"enemies":"Automaton","floor":33,"turns":8}],"seed_played":"-7630318341398021571","potions_obtained":[{"floor":5.0,"key":"Fire Potion"},{"floor":7.0,"key":"Fire Potion"},{"floor":11.0,"key":"Weak Potion"},{"floor":12.0,"key":"DuplicationPotion"},{"floor":13.0,"key":"BlessingOfTheForge"},{"floor":16.0,"key":"AttackPotion"},{"floor":18.0,"key":"ColorlessPotion"},{"floor":29,"key":"Block Potion"},{"floor":30,"key":"FearPotion"},{"floor":31,"key":"EssenceOfSteel"}],"is_trial":false,"path_per_floor":["M","M","?","M","M","R","E","R","T","E","M","E","M","M","R","B",null,"M","?","?","$","M","R","M","E","T","R","M","M","M","E","R","B"],"character_chosen":"IRONCLAD","items_purchased":["Dark Embrace","DuplicationPotion"],"campfire_rested":2,"item_purchase_floors":[21,21],"current_hp_per_floor":[60,65,65,64,63,63,47,47,47,41,16,9,13,16,16,16,66,69,45,45,45,37,37,34,17,17,43,49,32,32,22,48,0],"gold":323,"neow_bonus":"UPGRADE_CARD","is_prod":false,"is_daily":false,"chose_seed":false,"campfire_upgraded":4,"win_rate":0,"timestamp":1704616748,"path_taken":["M","M","?","M","?","R","E","R","T","E","M","E","M","M","R","BOSS","M","?","?","$","M","R","M","E","T","R","M","M","?","E","R","BOSS"],"build_version":"2022-12-18","purchased_purges":1,"victory":false,"max_hp_per_floor":[75,75,75,75,75,75,82,82,82,82,82,82,82,82,82,82,82,82,87,87,87,87,87,87,87,87,87,87,87,87,87,87,87],"card_choices":[{"not_picked":["Perfected Strike","Thunderclap"],"picked":"Hemokinesis","floor":1.0},{"not_picked":["Rupture","Armaments"],"picked":"Twin Strike","floor":2.0},{"not_picked":["Wild Strike","Body Slam"],"picked":"Headbutt","floor":4.0},{"not_picked":["Hemokinesis","Bloodletting"],"picked":"Inflame","floor":5.0},{"not_picked":["Cleave","Searing Blow"],"picked":"Evolve","floor":7.0},{"not_picked":["Entrench","Feel No Pain"],"picked":"Disarm","floor":10.0},{"not_picked":["Wild Strike","Anger"],"picked":"Shockwave","floor":11.0},{"not_picked":["Bloodletting","Warcry","Barricade"],"picked":"SKIP","floor":12.0},{"not_picked":["Dual Wield","Warcry","Thunderclap"],"picked":"SKIP","floor":13.0},{"not_picked":["Havoc","Wild Strike","Clash"],"picked":"SKIP","floor":14.0},{"not_picked":["Barricade","Impervious"],"picked":"Immolate","floor":16.0},{"not_picked":["Power Through","Bloodletting"],"picked":"Second Wind","floor":18.0},{"not_picked":["Dual Wield","Clash+1"],"picked":"Spot Weakness","floor":22.0},{"not_picked":["Uppercut","Blood for Blood","Thunderclap"],"picked":"SKIP","floor":24.0},{"not_picked":["Headbutt","Thunderclap"],"picked":"Limit Break","floor":25.0},{"not_picked":["Entrench","Feel No Pain"],"picked":"Heavy Blade","floor":28},{"not_picked":["Pommel Strike","Twin Strike+1","Perfected Strike"],"picked":"SKIP","floor":29},{"not_picked":["Blood for Blood","Clash+1","Headbutt"],"picked":"SKIP","floor":30},{"not_picked":["Wild Strike","Clothesline+1"],"picked":"Feel No Pain","floor":31}],"player_experience":1201563,"relics_obtained":[{"floor":7.0,"key":"Strawberry"},{"floor":9.0,"key":"Potion Belt"},{"floor":10.0,"key":"PreservedInsect"},{"floor":12.0,"key":"Orichalcum"},{"floor":25.0,"key":"CaptainsWheel"},{"floor":31,"key":"Incense Burner"}],"event_choices":[{"cards_removed":["Strike_R"],"damage_healed":0.0,"max_hp_gain":0.0,"max_hp_loss":0.0,"gold_gain":0.0,"event_name":"Bonfire Elementals","player_choice":"Offered Basic","floor":3.0,"gold_loss":0.0,"damage_taken":0.0},{"damage_healed":0.0,"max_hp_gain":5.0,"max_hp_loss":0.0,"gold_gain":0.0,"event_name":"Forgotten Altar","player_choice":"Shed Blood","floor":19.0,"gold_loss":0.0,"damage_taken":29.0},{"damage_healed":0.0,"max_hp_gain":0.0,"max_hp_loss":0.0,"gold_gain":0.0,"event_name":"N\u0027loth","player_choice":"Ignored","floor":20.0,"gold_loss":0.0,"damage_taken":0.0}],"is_beta":false,"boss_relics":[{"not_picked":["Runic Pyramid","Tiny House"],"picked":"Cursed Key"}],"items_purged_floors":[21],"is_endless":false,"potions_floor_spawned":[5,7,11,12,13,16,18,29,30,31],"killed_by":"Automaton","ascension_level":20}