{"gold_per_floor":[114,38,38,38,38,70,80,80,129,149,169,198,168,194,194,269,269,283,62,82,96,96,96,123,123,196,49,49,49,80,92,92,165,165,175,192,192,49,69,69],"floor_reached":40,"playtime":1944,"items_purged":["Strike_R","Strike_R+1"],"score":1059,"play_id":"198feaad-4940-4e2a-862d-2a9eecaab2f2","local_time":"20240127205057","is_ascension_mode":true,"campfire_choices":[{"data":"Inflame","floor":8,"key":"SMITH"},{"data":"Inflame","floor":15,"key":"SMITH"},{"data":"Feed","floor":23,"key":"SMITH"},{"floor":25,"key":"REST"},{"data":"Evolve","floor":32,"key":"SMITH"}],"neow_cost":"NONE","seed_source_timestamp":1512304538415000,"circlet_count":0,"master_deck":["AscendersBane","Defend_R","Defend_R+1","Defend_R","Defend_R","Bash","Evolve+1","Inflame+1","Twin Strike","Anger","Second Wind","Burning Pact","Inflame+1","Feed+1","Shrug It Off","Shrug It Off","Trip","Cleave","Corruption","Shrug It Off","Ghostly Armor","Bloodletting","Headbutt","Offering+1","Sword Boomerang","Warcry+1","Blind+1","Discovery+1","Spot Weakness+1"],"relics":["Burning Blood","NeowsBlessing","FossilizedHelix","MealTicket","Juzu Bracelet","Tiny Chest","Mark of Pain","Blood Vial","Pantograph","Meat on the Bone","Toxic Egg 2","Fusion Hammer"],"potions_floor_usage":[13,14,24,30,33],"damage_taken":[{"damage":0,"enemies":"Jaw Worm","floor":1,"turns":1},{"damage":0,"enemies":"Lagavulin","floor":6,"turns":1},{"damage":0,"enemies":"2 Louse","floor":7,"turns":1},{"damage":0,"enemies":"Small Slimes","floor":10,"turns":2},{"damage":0,"enemies":"Exordium Wildlife","floor":11,"turns":3},{"damage":17,"enemies":"3 Sentries","floor":12,"turns":7},{"damage":7,"enemies":"Lagavulin","floor":14,"turns":6},{"damage":0,"enemies":"Slime Boss","floor":16,"turns":7},{"damage":18,"enemies":"Spheric Guardian","floor":18,"turns":5},{"damage":25,"enemies":"2 Thieves","floor":20,"turns":5},{"damage":13,"enemies":"Centurion and Healer","floor":21,"turns":5},{"damage":32,"enemies":"Book of Stabbing","floor":24,"turns":6},{"damage":78,"enemies":"Gremlin Leader","floor":30,"turns":9},{"damage":10,"enemies":"Snecko","floor":31,"turns":6},{"damage":38,"enemies":"Champ","floor":33,"turns":13},{"damage":32,"enemies":"3 Darklings","floor":35,"turns":5},{"damage":0,"enemies":"3 Shapes","floor":36,"turns":4},{"damage":45,"enemies":"Writhing Mass","floor":39,"turns":9},{"damage":56,"enemies":"Reptomancer","floor":40,"turns":2}],"seed_played":"-2806192228004697033","potions_obtained":[{"floor":1,"key":"BloodPotion"},{"floor":12,"key":"Fruit Juice"},{"floor":13,"key":"DuplicationPotion"},{"floor":14,"key":"FearPotion"},{"floor":21,"key":"GamblersBrew"},{"floor":30,"key":"PowerPotion"},{"floor":36,"key":"Ancient Potion"}],"is_trial":false,"path_per_floor":["M","$","?","?","?","E","M","R","T","M","M","E","?","E","R","B",null,"M","$","M","M","?","R","E","R","T","$","?","T","E","M","R","B",null,"M","M","?","$","M","E"],"character_chosen":"IRONCLAD","items_purchased":["Inflame","Shrug It Off","Trip","Corruption","Shrug It Off","Spot Weakness+1"],"campfire_rested":1,"item_purchase_floors":[2,19,19,27,27,38],"current_hp_per_floor":[74,74,79,55,48,54,60,60,60,66,72,61,66,82,82,85,85,76,88,69,65,65,65,39,66,66,81,81,81,27,37,37,44,82,62,74,64,79,54,0],"gold":69,"neow_bonus":"THREE_ENEMY_KILL","is_prod":false,"is_daily":false,"chose_seed":false,"campfire_upgraded":4,"win_rate":0,"timestamp":1706417457,"path_taken":["M","$","?","?","?","E","M","R","T","M","M","E","?","E","R","BOSS","M","?","M","M","?","R","E","R","T","$","?","?","E","M","R","BOSS","M","M","?","$","M","E"],"build_version":"2022-12-18","purchased_purges":2,"victory":false,"max_hp_per_floor":[75,75,80,80,80,80,80,80,80,80,80,80,85,85,85,85,85,88,88,88,91,91,91,91,91,91,91,91,91,95,95,95,95,95,99,103,103,103,103,103],"card_choices":[{"not_picked":["Entrench","Flex"],"picked":"Evolve","floor":1},{"not_picked":["Wild Strike","Clash"],"picked":"Twin Strike","floor":6},{"not_picked":["Twin Strike","Second Wind"],"picked":"Anger","floor":7},{"not_picked":["Intimidate","Sever Soul","Havoc"],"picked":"SKIP","floor":10},{"not_picked":["True Grit","Twin Strike"],"picked":"Second Wind","floor":11},{"not_picked":["Havoc","Body Slam"],"picked":"Burning Pact","floor":12},{"not_picked":["Heavy Blade","Dual Wield"],"picked":"Inflame","floor":14},{"not_picked":["Immolate","Brutality"],"picked":"Feed","floor":16},{"not_picked":["Intimidate","Sever Soul"],"picked":"Shrug It Off","floor":18},{"not_picked":["Fire Breathing","Dropkick","Havoc"],"picked":"SKIP","floor":20},{"not_picked":["Infernal Blade","Ghostly Armor"],"picked":"Cleave","floor":21},{"not_picked":["Body Slam","Clash","Combust"],"picked":"SKIP","floor":24},{"not_picked":["Havoc+1","Carnage+1","Thunderclap"],"picked":"SKIP","floor":30},{"not_picked":["Bloodletting+1","Sever Soul"],"picked":"Headbutt","floor":31},{"not_picked":["Double Tap+1","Impervious+1"],"picked":"Offering+1","floor":33},{"not_picked":["Twin Strike","Seeing Red+1","Sword Boomerang"],"picked":"SKIP","floor":35},{"not_picked":["Twin Strike","Seeing Red+1"],"picked":"Sword Boomerang","floor":35},{"not_picked":["Headbutt","Body Slam"],"picked":"Warcry+1","floor":36},{"not_picked":["Violence+1","Trip+1"],"picked":"Blind+1","floor":37},{"not_picked":["Metamorphosis+1","Jack Of All Trades+1"],"picked":"Discovery+1","floor":37},{"not_picked":["Heavy Blade","Twin Strike","Headbutt"],"picked":"SKIP","floor":39}],"player_experience":1283790,"relics_obtained":[{"floor":6,"key":"FossilizedHelix"},{"floor":9,"key":"MealTicket"},{"floor":12,"key":"Juzu Bracelet"},{"floor":14,"key":"Tiny Chest"},{"floor":24,"key":"Blood Vial"},{"floor":26,"key":"Pantograph"},{"floor":29,"key":"Meat on the Bone"},{"floor":30,"key":"Toxic Egg 2"}],"event_choices":[{"damage_healed":0,"gold_gain":0,"player_choice":"Donut","damage_taken":0,"max_hp_gain":5,"max_hp_loss":0,"event_name":"Big Fish","floor":3,"gold_loss":0},{"damage_healed":0,"gold_gain":0,"player_choice":"Entered Light","damage_taken":24,"max_hp_gain":0,"max_hp_loss":0,"event_name":"Shining Light","floor":4,"gold_loss":0,"cards_upgraded":["Strike_R","Defend_R"]},{"cards_removed":["Strike_R"],"damage_healed":0,"gold_gain":0,"player_choice":"Card Removal","damage_taken":7,"max_hp_gain":0,"max_hp_loss":0,"event_name":"Golden Wing","floor":5,"gold_loss":0},{"damage_healed":0,"gold_gain":0,"player_choice":"Bought 2 Potions","damage_taken":0,"max_hp_gain":0,"max_hp_loss":0,"event_name":"The Woman in Blue","floor":13,"gold_loss":0},{"damage_healed":0,"gold_gain":0,"player_choice":"Ignored","damage_taken":0,"max_hp_gain":0,"max_hp_loss":0,"event_name":"The Mausoleum","floor":22,"gold_loss":0},{"damage_healed":0,"gold_gain":0,"cards_transformed":["Strike_R","Strike_R"],"player_choice":"Became Test Subject","damage_taken":0,"max_hp_gain":0,"max_hp_loss":0,"event_name":"Drug Dealer","floor":28,"gold_loss":0,"cards_obtained":["Ghostly Armor","Bloodletting"]},{"damage_healed":0,"gold_gain":0,"player_choice":"Memory 3","damage_taken":10,"max_hp_gain":0,"max_hp_loss":0,"event_name":"SensoryStone","floor":37,"gold_loss":0}],"is_beta":false,"boss_relics":[{"not_picked":["Empty Cage","Sozu"],"picked":"Mark of Pain"},{"not_picked":["Snecko Eye","Runic Pyramid"],"picked":"Fusion Hammer"}],"items_purged_floors":[19,38],"is_endless":false,"potions_floor_spawned":[1,12,14,21,30,36],"killed_by":"Reptomancer","ascension_level":20}