{"gold_per_floor":[109,109,11,26,26,51,51,86,86,86,101,101,119,144,144,220,220,233,249,249,249,63,63,87,101,152,199,17,17,17,52,52,123,123,135,188,188,238,238,238,267,267,267,283,205,205,245,260,260,260],"floor_reached":50,"playtime":2157,"items_purged":["Reckless Charge"],"score":1130,"play_id":"72ebe8d0-bcea-495d-9647-f5c57134c489","local_time":"20240212200437","is_ascension_mode":true,"campfire_choices":[{"data":"Whirlwind","floor":7.0,"key":"SMITH"},{"data":"Clothesline","floor":12.0,"key":"SMITH"},{"data":"Bash","floor":15.0,"key":"SMITH"},{"floor":23.0,"key":"REST"},{"data":"Shockwave","floor":30.0,"key":"SMITH"},{"floor":32.0,"key":"REST"},{"floor":40.0,"key":"REST"},{"floor":42.0,"key":"REST"},{"floor":49,"key":"RECALL"}],"neow_cost":"PERCENT_DAMAGE","seed_source_timestamp":2891742320495900,"circlet_count":0,"master_deck":["AscendersBane","Strike_R","Strike_R","Defend_R","Defend_R","Defend_R","Bash+1","Apotheosis+1","Whirlwind+1","Headbutt","Clothesline+1","Dual Wield","Rampage","Headbutt","Feed","Power Through","Inflame","Body Slam","Battle Trance","Feel No Pain","Second Wind","Shockwave+1","Clothesline","RitualDagger","Shockwave","Reaper","Flame Barrier","Purity","Enlightenment","Disarm","Heavy Blade","Entrench","Second Wind"],"special_seed":0,"relics":["Burning Blood","Turnip","Juzu Bracelet","Question Card","Odd Mushroom","Snecko Eye","Toy Ornithopter","MawBank","PreservedInsect","Lee\u0027s Waffle","InkBottle","Sozu","Charon\u0027s Ashes","Pen Nib","CeramicFish"],"potions_floor_usage":[],"damage_taken":[{"damage":22.0,"enemies":"Small Slimes","floor":1.0,"turns":4.0},{"damage":0.0,"enemies":"Cultist","floor":4.0,"turns":3.0},{"damage":15.0,"enemies":"Lagavulin","floor":6.0,"turns":5.0},{"damage":6.0,"enemies":"Gremlin Nob","floor":8.0,"turns":3.0},{"damage":0.0,"enemies":"2 Louse","floor":11.0,"turns":2.0},{"damage":6.0,"enemies":"Looter","floor":13.0,"turns":3.0},{"damage":6.0,"enemies":"The Mushroom Lair","floor":14.0,"turns":3.0},{"damage":36.0,"enemies":"Hexaghost","floor":16.0,"turns":8.0},{"damage":28.0,"enemies":"Spheric Guardian","floor":18.0,"turns":4.0},{"damage":10.0,"enemies":"Chosen","floor":19.0,"turns":4.0},{"damage":19.0,"enemies":"3 Cultists","floor":25.0,"turns":6.0},{"damage":42.0,"enemies":"Gremlin Leader","floor":27.0,"turns":7.0},{"damage":54.0,"enemies":"Book of Stabbing","floor":31.0,"turns":6.0},{"damage":61.0,"enemies":"Automaton","floor":33.0,"turns":9.0},{"damage":15.0,"enemies":"Orb Walker","floor":35.0,"turns":4.0},{"damage":63.0,"enemies":"2 Orb Walkers","floor":36.0,"turns":7.0},{"damage":22.0,"enemies":"Reptomancer","floor":41.0,"turns":5.0},{"damage":16,"enemies":"3 Darklings","floor":44,"turns":5},{"damage":24,"enemies":"Nemesis","floor":47,"turns":5},{"damage":40,"enemies":"Jaw Worm Horde","floor":48,"turns":3},{"damage":76,"enemies":"Donu and Deca","floor":50,"turns":9}],"seed_played":"3778467484160109907","potions_obtained":[{"floor":1.0,"key":"LiquidBronze"},{"floor":4.0,"key":"Energy Potion"},{"floor":16.0,"key":"DuplicationPotion"},{"floor":25.0,"key":"Energy Potion"}],"is_trial":false,"path_per_floor":["M","?","$","M","?","E","R","E","T","?","M","R","M","?","R","B",null,"M","M","?","?","$","R","T","M","T","E","$","?","R","E","R","B",null,"M","?","?","?","?","R","E","R","T","M","$","?","E","M","R","B"],"character_chosen":"IRONCLAD","items_purchased":["Whirlwind","Headbutt","Feel No Pain","Second Wind","Lee\u0027s Waffle","Clothesline","Entrench"],"campfire_rested":4,"item_purchase_floors":[3,3,22,22,28,28,45],"current_hp_per_floor":[34,34,34,40,40,31,31,31,31,31,37,37,37,37,37,7,58,36,36,36,36,36,59,59,50,50,23,94,88,88,44,73,23,79,74,24,14,14,14,44,35,65,65,95,95,95,81,50,50,0],"gold":260,"neow_bonus":"RANDOM_COLORLESS_2","is_prod":false,"is_daily":false,"chose_seed":false,"campfire_upgraded":4,"win_rate":0,"timestamp":1707797077,"path_taken":["M","?","?","M","?","E","R","E","T","?","M","R","M","?","R","BOSS","BOSS","M","M","?","?","$","R","?","M","T","E","$","?","R","E","R","BOSS","M","?","?","?","?","R","E","R","T","M","$","?","E","M","R","BOSS"],"build_version":"2022-12-18","purchased_purges":1,"victory":false,"max_hp_per_floor":[75,75,75,75,75,75,75,75,75,75,75,75,75,75,75,75,75,75,79,79,79,79,79,79,83,83,87,94,94,94,98,98,98,98,102,102,102,102,102,102,102,102,102,106,106,106,110,113,113,113],"card_choices":[{"not_picked":["Secret Technique","Mayhem"],"picked":"Apotheosis","floor":0.0},{"not_picked":["Wild Strike","Clash"],"picked":"Reckless Charge","floor":1.0},{"not_picked":["Rampage","True Grit"],"picked":"Clothesline","floor":4.0},{"not_picked":["Carnage","Sword Boomerang","Corruption"],"picked":"SKIP","floor":6.0},{"not_picked":["Sword Boomerang","Heavy Blade","Juggernaut"],"picked":"SKIP","floor":8.0},{"not_picked":["Thunderclap","Pummel","Dropkick"],"picked":"Rampage","floor":11.0},{"not_picked":["Thunderclap","Clothesline","Warcry","Perfected Strike"],"picked":"SKIP","floor":13.0},{"not_picked":["Thunderclap","Clothesline","Warcry","Perfected Strike"],"picked":"SKIP","floor":13.0},{"not_picked":["Heavy Blade","Rampage","Twin Strike"],"picked":"Headbutt","floor":14.0},{"not_picked":["Juggernaut","Corruption","Barricade"],"picked":"Feed","floor":16.0},{"not_picked":["Dark Embrace","Searing Blow","Reckless Charge"],"picked":"Power Through","floor":18.0},{"not_picked":["Hemokinesis","Cleave+1","Burning Pact"],"picked":"Inflame","floor":19.0},{"not_picked":["Pommel Strike","Armaments","Inflame","Havoc"],"picked":"SKIP","floor":25.0},{"not_picked":["Clothesline","Uppercut+1","Twin Strike"],"picked":"Shockwave","floor":27.0},{"not_picked":["Thunderclap","Infernal Blade","Hemokinesis"],"picked":"Shockwave","floor":31.0},{"not_picked":["Bludgeon","Offering","Double Tap"],"picked":"Reaper","floor":33.0},{"not_picked":["Ghostly Armor","Armaments","Heavy Blade"],"picked":"Flame Barrier","floor":35.0},{"not_picked":["Flash of Steel","Finesse","PanicButton"],"picked":"Purity","floor":37.0},{"not_picked":["Good Instincts","PanicButton","Trip"],"picked":"Enlightenment","floor":37.0},{"not_picked":["Sword Boomerang","Rupture+1","Armaments"],"picked":"Disarm","floor":41.0},{"not_picked":["Twin Strike","Warcry","Rampage"],"picked":"Heavy Blade","floor":44},{"not_picked":["Burning Pact","Body Slam","Combust"],"picked":"Second Wind","floor":47},{"not_picked":["Cleave","Dual Wield","Clash","Carnage"],"picked":"SKIP","floor":48}],"player_experience":1342395,"relics_obtained":[{"floor":6.0,"key":"Turnip"},{"floor":8.0,"key":"Juzu Bracelet"},{"floor":9.0,"key":"Question Card"},{"floor":14.0,"key":"Odd Mushroom"},{"floor":24.0,"key":"Toy Ornithopter"},{"floor":26.0,"key":"MawBank"},{"floor":27.0,"key":"PreservedInsect"},{"floor":31.0,"key":"InkBottle"},{"floor":36.0,"key":"Charon\u0027s Ashes"},{"floor":41.0,"key":"Pen Nib"},{"floor":47,"key":"CeramicFish"}],"event_choices":[{"cards_removed":["Strike_R"],"damage_healed":0.0,"max_hp_gain":0.0,"max_hp_loss":0.0,"gold_gain":0.0,"event_name":"Purifier","player_choice":"Purged","floor":2.0,"gold_loss":0.0,"damage_taken":0.0},{"damage_healed":0.0,"max_hp_gain":0.0,"max_hp_loss":0.0,"gold_gain":0.0,"event_name":"Upgrade Shrine","player_choice":"Upgraded","floor":5.0,"gold_loss":0.0,"damage_taken":0.0,"cards_upgraded":["Apotheosis"]},{"damage_healed":0.0,"max_hp_gain":0.0,"max_hp_loss":0.0,"gold_gain":0.0,"cards_transformed":["Strike_R"],"event_name":"Living Wall","player_choice":"Change","floor":10.0,"gold_loss":0.0,"damage_taken":0.0,"cards_obtained":["Dual Wield"]},{"damage_healed":0.0,"max_hp_gain":0.0,"max_hp_loss":0.0,"gold_gain":0.0,"event_name":"Mushrooms","player_choice":"Fought Mushrooms","floor":14.0,"gold_loss":0.0,"damage_taken":0.0},{"damage_healed":0.0,"max_hp_gain":0.0,"max_hp_loss":0.0,"gold_gain":0.0,"event_name":"Match and Keep!","player_choice":"1 cards matched","floor":20.0,"gold_loss":0.0,"damage_taken":0.0,"cards_obtained":["Body Slam"]},{"damage_healed":0.0,"max_hp_gain":0.0,"max_hp_loss":0.0,"gold_gain":0.0,"cards_transformed":["Strike_R"],"event_name":"Transmorgrifier","player_choice":"Transformed","floor":21.0,"gold_loss":0.0,"damage_taken":0.0,"cards_obtained":["Battle Trance"]},{"damage_healed":0.0,"max_hp_gain":0.0,"max_hp_loss":0.0,"gold_gain":0.0,"event_name":"Nest","player_choice":"Joined the Cult","floor":29.0,"gold_loss":0.0,"damage_taken":6.0,"cards_obtained":["RitualDagger"]},{"damage_healed":0.0,"max_hp_gain":0.0,"max_hp_loss":0.0,"gold_gain":0.0,"event_name":"Mysterious Sphere","player_choice":"Fight","floor":36.0,"gold_loss":0.0,"damage_taken":0.0},{"damage_healed":0.0,"max_hp_gain":0.0,"max_hp_loss":0.0,"gold_gain":0.0,"event_name":"SensoryStone","player_choice":"Memory 3","floor":37.0,"gold_loss":0.0,"damage_taken":10.0},{"damage_healed":0.0,"max_hp_gain":0.0,"max_hp_loss":0.0,"gold_gain":50.0,"event_name":"Golden Shrine","player_choice":"Pray","floor":38.0,"gold_loss":0.0,"damage_taken":0.0},{"cards_removed":["Defend_R"],"damage_healed":0.0,"max_hp_gain":0.0,"max_hp_loss":0.0,"gold_gain":0.0,"event_name":"Falling","player_choice":"Removed Skill","floor":39.0,"gold_loss":0.0,"damage_taken":0.0},{"damage_healed":0,"gold_gain":0,"player_choice":"Ignored","damage_taken":0,"max_hp_gain":0,"max_hp_loss":0,"event_name":"Tomb of Lord Red Mask","floor":46,"gold_loss":0}],"is_beta":false,"boss_relics":[{"not_picked":["Coffee Dripper","Black Star"],"picked":"Snecko Eye"},{"not_picked":["Black Blood","SlaversCollar"],"picked":"Sozu"}],"items_purged_floors":[22],"is_endless":false,"potions_floor_spawned":[1,4,14,16,25,35,36,48],"killed_by":"Donu and Deca","ascension_level":20}