{"gold_per_floor":[362,145,220,145,159,159,186,208,275,321,347,359,385,411,423,435],"floor_reached":16,"playtime":535,"items_purged":["Regret"],"score":224,"play_id":"52159b37-1058-42af-bcd2-457743fac6e8","local_time":"20240212192753","is_ascension_mode":true,"campfire_choices":[{"data":"Bash","floor":6.0,"key":"SMITH"},{"data":"True Grit","floor":15.0,"key":"SMITH"}],"neow_cost":"CURSE","seed_source_timestamp":2891115714574300,"circlet_count":0,"master_deck":["AscendersBane","Strike_R","Strike_R","Strike_R","Strike_R","Defend_R","Defend_R","Defend_R","Defend_R","Bash+1","Anger+1","True Grit+1","Cleave","Hemokinesis+1","Feel No Pain","Burning Pact","Fiend Fire"],"special_seed":0,"relics":["Burning Blood","MawBank","Nunchaku","Meat on the Bone"],"potions_floor_usage":[16],"damage_taken":[{"damage":2.0,"enemies":"Small Slimes","floor":1.0,"turns":4.0},{"damage":6.0,"enemies":"2 Louse","floor":5.0,"turns":2.0},{"damage":20.0,"enemies":"Lagavulin","floor":7.0,"turns":5.0},{"damage":9.0,"enemies":"Jaw Worm","floor":8.0,"turns":3.0},{"damage":12.0,"enemies":"Gremlin Nob","floor":10.0,"turns":3.0},{"damage":14.0,"enemies":"Lots of Slimes","floor":11.0,"turns":4.0},{"damage":15.0,"enemies":"Large Slime","floor":13.0,"turns":3.0},{"damage":2.0,"enemies":"2 Fungi Beasts","floor":14.0,"turns":2.0},{"damage":34,"enemies":"Hexaghost","floor":16,"turns":7}],"seed_played":"4053896351162792521","potions_obtained":[{"floor":1.0,"key":"DistilledChaos"},{"floor":5.0,"key":"DistilledChaos"},{"floor":8.0,"key":"Swift Potion"}],"is_trial":false,"path_per_floor":["M","$","?","?","M","R","E","M","T","E","M","?","M","M","R","B"],"character_chosen":"IRONCLAD","items_purchased":["Anger","True Grit","Cleave"],"campfire_rested":0,"item_purchase_floors":[2,2,2],"current_hp_per_floor":[72,72,61,61,61,61,47,44,44,38,42,19,22,38,38,4],"gold":435,"neow_bonus":"TWO_FIFTY_GOLD","is_prod":false,"is_daily":false,"chose_seed":false,"campfire_upgraded":2,"win_rate":0,"timestamp":1707794873,"path_taken":["M","$","?","?","M","R","E","M","T","E","M","?","M","M","R","BOSS"],"build_version":"2022-12-18","purchased_purges":1,"victory":false,"max_hp_per_floor":[75,75,75,75,75,75,75,75,75,75,75,75,75,75,75,75],"card_choices":[{"not_picked":["Havoc","Warcry","Rupture"],"picked":"SKIP","floor":1.0},{"not_picked":["Thunderclap","True Grit"],"picked":"Hemokinesis","floor":5.0},{"not_picked":["Fire Breathing","Sword Boomerang"],"picked":"Feel No Pain","floor":7.0},{"not_picked":["Wild Strike","Entrench"],"picked":"Burning Pact","floor":8.0},{"not_picked":["Anger","Heavy Blade","Cleave"],"picked":"SKIP","floor":10.0},{"not_picked":["Heavy Blade","Seeing Red","Twin Strike"],"picked":"SKIP","floor":11.0},{"not_picked":["Headbutt","Twin Strike","Sword Boomerang"],"picked":"SKIP","floor":13.0},{"not_picked":["Body Slam","Flex"],"picked":"Fiend Fire","floor":14.0}],"player_experience":1341860,"relics_obtained":[{"floor":7.0,"key":"MawBank"},{"floor":9.0,"key":"Nunchaku"},{"floor":10.0,"key":"Meat on the Bone"}],"event_choices":[{"damage_healed":0.0,"max_hp_gain":0.0,"max_hp_loss":0.0,"gold_gain":75.0,"event_name":"World of Goop","player_choice":"Gather Gold","floor":3.0,"gold_loss":0.0,"damage_taken":11.0},{"cards_removed":["Strike_R"],"damage_healed":0.0,"max_hp_gain":0.0,"max_hp_loss":0.0,"gold_gain":0.0,"event_name":"The Cleric","player_choice":"Card Removal","floor":4.0,"gold_loss":75.0,"damage_taken":0.0},{"damage_healed":0.0,"max_hp_gain":0.0,"max_hp_loss":0.0,"gold_gain":0.0,"event_name":"Shining Light","player_choice":"Entered Light","floor":12.0,"gold_loss":0.0,"damage_taken":23.0,"cards_upgraded":["Anger","Hemokinesis"]}],"is_beta":false,"boss_relics":[],"items_purged_floors":[2],"is_endless":false,"potions_floor_spawned":[1,5,8],"killed_by":"Hexaghost","ascension_level":20}