{"gold_per_floor":[117,132,148,5,17,47,47,47,127,137,137,169,169,198,198,294,294,304,320,245,255,268,268,12,44,44,44,13,28,28,42,42,143,143,163,177,177,197,197,197,26,76,99,37,52,52,64,84,84,84],"floor_reached":51,"playtime":4880,"items_purged":["Defend_P","Strike_P"],"score":666,"play_id":"346b30e4-f9c5-4985-b84a-40320bcd0021","local_time":"20230809001959","is_ascension_mode":false,"campfire_choices":[{"data":"Apotheosis","floor":8,"key":"SMITH"},{"floor":11,"key":"REST"},{"data":"Protect","floor":15,"key":"SMITH"},{"floor":23,"key":"DIG"},{"floor":27,"key":"DIG"},{"floor":30,"key":"DIG"},{"floor":32,"key":"DIG"},{"floor":40,"key":"DIG"},{"floor":49,"key":"REST"}],"neow_cost":"PERCENT_DAMAGE","seed_source_timestamp":2021059517388100,"circlet_count":0,"master_deck":["Strike_P","Strike_P","Eruption","Vigilance","Apotheosis+1","Protect+1","ClearTheMind","Evaluate","Sanctity+1","Omniscience+1","Decay","DevaForm","Conclude","WindmillStrike+1","MentalFortress","EmptyMind","Adaptation","Crescendo+1","Worship","InnerPeace+1","ConjureBlade","EmptyBody","Wireheading+1","Worship","Pray+1"],"relics":["PureWater","Damaru","Shovel","The Courier","Blood Vial","Anchor","Empty Cage","FossilizedHelix","Membership Card","Lantern","Orichalcum","Girya","Boot","War Paint","Pantograph","SacredBark","PreservedInsect","ClockworkSouvenir","Happy Flower","Torii","Bronze Scales","Potion Belt"],"potions_floor_usage":[6,12,12,12,16,29,38,45,45,47,50,50,50,50,50,50],"damage_taken":[{"damage":0,"enemies":"Jaw Worm","floor":1,"turns":3},{"damage":0,"enemies":"Cultist","floor":2,"turns":2},{"damage":0,"enemies":"Small Slimes","floor":3,"turns":3},{"damage":12,"enemies":"Exordium Wildlife","floor":5,"turns":5},{"damage":30,"enemies":"Gremlin Nob","floor":6,"turns":4},{"damage":0,"enemies":"3 Louse","floor":10,"turns":2},{"damage":5,"enemies":"3 Sentries","floor":12,"turns":9},{"damage":2,"enemies":"Lagavulin","floor":14,"turns":7},{"damage":9,"enemies":"Hexaghost","floor":16,"turns":13},{"damage":0,"enemies":"Spheric Guardian","floor":18,"turns":6},{"damage":5,"enemies":"3 Byrds","floor":19,"turns":8},{"damage":0,"enemies":"Centurion and Healer","floor":21,"turns":5},{"damage":8,"enemies":"Snecko","floor":22,"turns":6},{"damage":0,"enemies":"Gremlin Leader","floor":25,"turns":6},{"damage":0,"enemies":"3 Cultists","floor":29,"turns":4},{"damage":0,"enemies":"Chosen and Byrds","floor":31,"turns":6},{"damage":51,"enemies":"Collector","floor":33,"turns":8},{"damage":0,"enemies":"3 Darklings","floor":35,"turns":6},{"damage":22,"enemies":"Orb Walker","floor":36,"turns":7},{"damage":11,"enemies":"4 Shapes","floor":38,"turns":5},{"damage":0,"enemies":"Mind Bloom Boss Battle","floor":42,"turns":5},{"damage":53,"enemies":"Transient","floor":45,"turns":5},{"damage":14,"enemies":"Jaw Worm Horde","floor":46,"turns":4},{"damage":1,"enemies":"Writhing Mass","floor":47,"turns":3},{"damage":0,"enemies":"4 Shapes","floor":48,"turns":3},{"damage":32,"enemies":"Awakened One","floor":50,"turns":6}],"seed_played":"1242626665729586675","potions_obtained":[{"floor":2,"key":"SteroidPotion"},{"floor":6,"key":"EntropicBrew"},{"floor":12,"key":"StancePotion"},{"floor":18,"key":"StancePotion"},{"floor":21,"key":"Ancient Potion"},{"floor":29,"key":"ColorlessPotion"},{"floor":35,"key":"SkillPotion"},{"floor":38,"key":"Fruit Juice"},{"floor":45,"key":"LiquidMemories"}],"is_trial":false,"path_per_floor":["M","M","M","$","M","E","?","R","T","M","R","E","?","E","R","B",null,"M","M","?","M","M","R","$","E","T","R","$","M","R","M","R","B",null,"M","M","?","M","?","R","$","?","T","$","M","M","M","M","R","B",null],"character_chosen":"WATCHER","items_purchased":["Damaru","Membership Card","Lantern","EmptyMind","Adaptation","Worship","ClockworkSouvenir","Happy Flower","Potion Belt"],"campfire_rested":2,"item_purchase_floors":[4,24,24,24,24,28,41,41,44],"current_hp_per_floor":[51,51,51,51,39,9,9,9,9,9,30,25,25,25,25,18,72,72,67,67,69,63,63,63,65,65,65,65,67,67,69,69,21,72,72,50,50,41,41,41,41,68,68,68,27,15,16,18,42,37],"gold":84,"neow_bonus":"RANDOM_COLORLESS_2","is_prod":false,"is_daily":false,"chose_seed":false,"campfire_upgraded":2,"win_rate":0,"timestamp":1691565599,"path_taken":["M","M","M","$","M","E","?","R","T","?","R","E","?","E","R","BOSS","M","?","?","M","M","R","$","E","T","R","$","M","R","M","R","BOSS","M","M","?","M","?","R","$","?","T","$","M","M","M","?","R","BOSS"],"build_version":"2022-12-18","purchased_purges":2,"victory":true,"max_hp_per_floor":[72,72,72,72,72,72,72,72,72,72,72,72,72,72,72,72,72,72,72,72,72,72,72,72,72,72,72,72,72,72,72,72,72,72,72,72,72,72,72,72,72,72,72,72,82,82,82,82,82,82],"card_choices":[{"not_picked":["The Bomb","Metamorphosis"],"picked":"Apotheosis","floor":0},{"not_picked":["Crescendo","ForeignInfluence"],"picked":"Protect","floor":1},{"not_picked":["FlurryOfBlows","Consecrate","BowlingBash"],"picked":"SKIP","floor":2},{"not_picked":["ReachHeaven","Consecrate"],"picked":"ClearTheMind","floor":3},{"not_picked":["Swivel","Indignation"],"picked":"Evaluate","floor":5},{"not_picked":["Wallop","Collect"],"picked":"Sanctity","floor":6},{"not_picked":["EmptyBody","Collect","CrushJoints"],"picked":"SKIP","floor":10},{"not_picked":["ForeignInfluence","Nirvana"],"picked":"Omniscience","floor":12},{"not_picked":["Weave","EmptyBody","Indignation"],"picked":"SKIP","floor":14},{"not_picked":["Vault","Wish"],"picked":"DevaForm","floor":16},{"not_picked":["SashWhip","FlyingSleeves","Meditate"],"picked":"SKIP","floor":18},{"not_picked":["Perseverance+1","JustLucky"],"picked":"Conclude","floor":19},{"not_picked":["DevaForm","Crescendo+1"],"picked":"WindmillStrike+1","floor":21},{"not_picked":["EmptyBody","ClearTheMind"],"picked":"MentalFortress","floor":22},{"not_picked":["PathToVictory","Protect"],"picked":"Crescendo+1","floor":25},{"not_picked":["Crescendo+1","EmptyBody+1","BowlingBash"],"picked":"SKIP","floor":29},{"not_picked":["FearNoEvil","EmptyBody"],"picked":"InnerPeace+1","floor":31},{"not_picked":["LessonLearned","DevaForm"],"picked":"ConjureBlade","floor":33},{"not_picked":["TalkToTheHand","Weave+1"],"picked":"EmptyBody","floor":35},{"not_picked":["JustLucky","ReachHeaven+1"],"picked":"Wireheading+1","floor":36},{"not_picked":["ThirdEye","Meditate","Wallop"],"picked":"SKIP","floor":38},{"not_picked":["Vengeance","EmptyBody+1"],"picked":"Worship","floor":45},{"not_picked":["FlyingSleeves","SashWhip","BowlingBash"],"picked":"SKIP","floor":46},{"not_picked":["FlurryOfBlows","Consecrate+1","Crescendo+1"],"picked":"SKIP","floor":47},{"not_picked":["Fasting2+1","CutThroughFate+1"],"picked":"Pray+1","floor":48}],"player_experience":176122,"relics_obtained":[{"floor":6,"key":"Shovel"},{"floor":9,"key":"The Courier"},{"floor":12,"key":"Blood Vial"},{"floor":14,"key":"Anchor"},{"floor":23,"key":"FossilizedHelix"},{"floor":25,"key":"Orichalcum"},{"floor":26,"key":"Girya"},{"floor":27,"key":"Boot"},{"floor":30,"key":"War Paint"},{"floor":32,"key":"Pantograph"},{"floor":40,"key":"PreservedInsect"},{"floor":42,"key":"Torii"},{"floor":43,"key":"Bronze Scales"}],"event_choices":[{"cards_removed":["Defend_P"],"damage_healed":0,"gold_gain":0,"player_choice":"Purged","damage_taken":0,"max_hp_gain":0,"max_hp_loss":0,"event_name":"Purifier","floor":7,"gold_loss":0},{"damage_healed":0,"gold_gain":0,"player_choice":"Cursed","damage_taken":0,"max_hp_gain":0,"max_hp_loss":0,"event_name":"Wheel of Change","floor":13,"gold_loss":0,"cards_obtained":["Decay"]},{"cards_removed":["Defend_P"],"damage_healed":0,"gold_gain":0,"player_choice":"Gave Gold","damage_taken":0,"max_hp_gain":0,"max_hp_loss":0,"event_name":"Beggar","floor":20,"gold_loss":75},{"damage_healed":0,"gold_gain":0,"player_choice":"Ignored","damage_taken":0,"max_hp_gain":0,"max_hp_loss":0,"event_name":"Mysterious Sphere","floor":37,"gold_loss":0},{"damage_healed":0,"gold_gain":0,"player_choice":"Ignored","damage_taken":0,"max_hp_gain":0,"max_hp_loss":0,"event_name":"Tomb of Lord Red Mask","floor":39,"gold_loss":0},{"damage_healed":0,"gold_gain":0,"player_choice":"Fight","damage_taken":0,"max_hp_gain":0,"max_hp_loss":0,"event_name":"MindBloom","floor":42,"gold_loss":0}],"is_beta":false,"boss_relics":[{"not_picked":["Snecko Eye","Ectoplasm"],"picked":"Empty Cage"},{"not_picked":["Busted Crown","Cursed Key"],"picked":"SacredBark"}],"items_purged_floors":[24,41],"is_endless":false,"potions_floor_spawned":[2,6,12,18,21,29,33,35,38,45],"ascension_level":0}