{"gold_per_floor":[110,126,48,60,72,72,72,88,141,91,91,106,106,122,122,122],"floor_reached":16,"playtime":802,"items_purged":[],"score":122,"play_id":"0857ea05-7e06-458c-aa63-9f9a8c8ce391","local_time":"20230819164854","is_ascension_mode":true,"campfire_choices":[{"data":"Protect","floor":6,"key":"SMITH"},{"data":"LikeWater","floor":13,"key":"SMITH"},{"data":"DeceiveReality","floor":15,"key":"SMITH"}],"neow_cost":"NONE","seed_source_timestamp":919366935558600,"circlet_count":0,"master_deck":["Strike_P","Strike_P","Strike_P","Defend_P","Defend_P","Defend_P","Eruption","Vigilance","FollowUp+1","MentalFortress","LikeWater+1","Protect+1","DeceiveReality+1","Nirvana+1"],"relics":["PureWater","Frozen Egg 2","Blood Vial"],"potions_floor_usage":[5,16,16],"damage_taken":[{"damage":0,"enemies":"Small Slimes","floor":1,"turns":2},{"damage":0,"enemies":"Jaw Worm","floor":2,"turns":3},{"damage":3,"enemies":"2 Louse","floor":4,"turns":2},{"damage":0,"enemies":"Lots of Slimes","floor":5,"turns":4},{"damage":5,"enemies":"3 Louse","floor":8,"turns":5},{"damage":7,"enemies":"Gremlin Gang","floor":12,"turns":7},{"damage":3,"enemies":"Large Slime","floor":14,"turns":6},{"damage":56,"enemies":"Slime Boss","floor":16,"turns":19}],"seed_played":"5401207609541624203","potions_obtained":[{"floor":2,"key":"Ambrosia"},{"floor":4,"key":"AttackPotion"},{"floor":12,"key":"Ancient Potion"}],"is_trial":false,"path_per_floor":["M","M","$","M","M","R","?","M","T","?","?","M","R","M","R","B"],"character_chosen":"WATCHER","items_purchased":["LikeWater"],"campfire_rested":0,"item_purchase_floors":[3],"current_hp_per_floor":[65,65,65,62,62,62,62,57,57,57,57,52,52,51,51,0],"gold":122,"neow_bonus":"REMOVE_CARD","is_prod":false,"is_daily":false,"chose_seed":false,"campfire_upgraded":3,"win_rate":0,"timestamp":1692488934,"path_taken":["M","M","$","M","M","R","?","M","T","?","?","M","R","M","R","BOSS"],"build_version":"2022-12-18","purchased_purges":0,"victory":false,"max_hp_per_floor":[72,72,72,72,72,72,72,72,72,72,72,72,72,72,72,72],"card_choices":[{"not_picked":["Evaluate","CutThroughFate"],"picked":"FollowUp","floor":1},{"not_picked":["ThirdEye","Halt"],"picked":"MentalFortress","floor":2},{"not_picked":["JustLucky","Swivel"],"picked":"Protect","floor":4},{"not_picked":["Weave","Consecrate","Evaluate"],"picked":"SKIP","floor":5},{"not_picked":["Evaluate","WreathOfFlame","FlurryOfBlows"],"picked":"SKIP","floor":8},{"not_picked":["SignatureMove","FlurryOfBlows"],"picked":"DeceiveReality","floor":12},{"not_picked":["Protect","Judgement"],"picked":"Nirvana+1","floor":14}],"player_experience":304282,"relics_obtained":[{"floor":9,"key":"Blood Vial"}],"event_choices":[{"damage_healed":0,"gold_gain":0,"player_choice":"Searched \u00271\u0027 times","damage_taken":0,"relics_obtained":["Frozen Egg 2"],"max_hp_gain":0,"max_hp_loss":0,"event_name":"Dead Adventurer","floor":7,"gold_loss":0},{"cards_removed":["Strike_P"],"damage_healed":0,"gold_gain":0,"player_choice":"Card Removal","damage_taken":0,"max_hp_gain":0,"max_hp_loss":0,"event_name":"The Cleric","floor":10,"gold_loss":50},{"damage_healed":0,"gold_gain":0,"player_choice":"Upgraded","damage_taken":0,"max_hp_gain":0,"max_hp_loss":0,"event_name":"Upgrade Shrine","floor":11,"gold_loss":0,"cards_upgraded":["FollowUp"]}],"is_beta":false,"boss_relics":[],"items_purged_floors":[],"is_endless":false,"potions_floor_spawned":[2,4,12],"killed_by":"Slime Boss","ascension_level":6}