{"gold_per_floor":[111,121,121,71,90,90,117,39,39,39,39,94,94,105,105,201,201,220,135,60,60,60,85,85,119,146,146,156,81,111,126,126,231,231,250,250,268,268],"floor_reached":38,"playtime":1888,"items_purged":["Strike_P"],"score":599,"play_id":"dbb031c8-4ed0-4cd0-ad17-454b221301a7","local_time":"20230822213945","is_ascension_mode":true,"campfire_choices":[{"data":"Ragnarok","floor":6,"key":"SMITH"},{"data":"Protect","floor":10,"key":"SMITH"},{"data":"Eruption","floor":13,"key":"SMITH"},{"data":"MentalFortress","floor":15,"key":"SMITH"},{"floor":24,"key":"REST"},{"data":"Vigilance","floor":27,"key":"SMITH"},{"floor":32,"key":"REST"}],"neow_cost":"NONE","seed_source_timestamp":1194941689156400,"circlet_count":0,"master_deck":["Strike_P+1","Defend_P","Defend_P","Eruption+1","Vigilance+1","Ragnarok+1","Protect+1","MentalFortress+1","EmptyBody","Blasphemy+1","ClearTheMind+1","Brilliance","FearNoEvil","ReachHeaven","MasterReality","Protect+1"],"relics":["PureWater","Pear","Lantern","Matryoshka","Busted Crown","Pantograph","Toy Ornithopter","Boot","Orichalcum","Ancient Tea Set","Juzu Bracelet","SacredBark"],"potions_floor_usage":[12,25,30],"damage_taken":[{"damage":0,"enemies":"2 Louse","floor":1,"turns":2},{"damage":0,"enemies":"Small Slimes","floor":2,"turns":3},{"damage":0,"enemies":"Jaw Worm","floor":5,"turns":2},{"damage":12,"enemies":"Lagavulin","floor":7,"turns":6},{"damage":0,"enemies":"3 Sentries","floor":12,"turns":2},{"damage":6,"enemies":"Lots of Slimes","floor":14,"turns":3},{"damage":5,"enemies":"Slime Boss","floor":16,"turns":6},{"damage":0,"enemies":"3 Byrds","floor":18,"turns":6},{"damage":54,"enemies":"Slavers","floor":23,"turns":4},{"damage":8,"enemies":"Gremlin Leader","floor":25,"turns":7},{"damage":9,"enemies":"Shell Parasite","floor":28,"turns":3},{"damage":8,"enemies":"Slavers","floor":30,"turns":3},{"damage":19,"enemies":"Snake Plant","floor":31,"turns":3},{"damage":56,"enemies":"Collector","floor":33,"turns":9},{"damage":34,"enemies":"3 Darklings","floor":35,"turns":6},{"damage":9,"enemies":"Orb Walker","floor":37,"turns":3}],"seed_played":"6535766214912969576","potions_obtained":[{"floor":5,"key":"AttackPotion"},{"floor":16,"key":"FairyPotion"},{"floor":23,"key":"Fire Potion"},{"floor":28,"key":"BottledMiracle"},{"floor":33,"key":"Weak Potion"},{"floor":37,"key":"Block Potion"}],"is_trial":false,"path_per_floor":["M","M","?","?","M","R","E","$","T","R","?","?","R","M","R","B",null,"M","?","$","?","$","E","R","E","T","R","M","?","E","M","R","B",null,"M","?","M","M"],"character_chosen":"WATCHER","items_purchased":["MentalFortress"],"campfire_rested":2,"item_purchase_floors":[8],"current_hp_per_floor":[65,65,51,51,51,51,49,49,49,49,49,49,49,43,43,38,71,71,71,71,71,71,17,41,38,38,38,29,29,26,7,31,24,68,34,34,25,0],"gold":268,"neow_bonus":"ONE_RANDOM_RARE_CARD","is_prod":false,"is_daily":false,"chose_seed":false,"campfire_upgraded":5,"win_rate":0,"timestamp":1692765585,"path_taken":["M","M","?","?","M","R","E","$","T","R","?","?","R","M","R","BOSS","M","?","$","?","$","E","R","E","T","R","?","?","E","M","R","BOSS","M","?","M","M"],"build_version":"2022-12-18","purchased_purges":1,"victory":false,"max_hp_per_floor":[72,72,72,72,72,72,82,82,82,82,82,82,82,82,82,82,82,82,82,82,82,82,82,82,82,82,82,82,82,82,82,82,82,82,82,82,82,82],"card_choices":[{"not_picked":["CutThroughFate","Nirvana","SignatureMove"],"picked":"SKIP","floor":1},{"not_picked":["SandsOfTime","FlurryOfBlows"],"picked":"Protect","floor":2},{"not_picked":["FlurryOfBlows","CrushJoints","Consecrate"],"picked":"SKIP","floor":5},{"not_picked":["FlurryOfBlows","Consecrate","FlyingSleeves"],"picked":"SKIP","floor":7},{"not_picked":["Tantrum","Perseverance"],"picked":"EmptyBody","floor":14},{"not_picked":["Establishment","DevaForm"],"picked":"Blasphemy","floor":16},{"not_picked":[],"picked":"ClearTheMind+1","floor":18},{"not_picked":[],"picked":"Brilliance","floor":23},{"not_picked":[],"picked":"FearNoEvil","floor":25},{"not_picked":[],"picked":"ReachHeaven","floor":28},{"not_picked":["SandsOfTime+1"],"picked":"SKIP","floor":30},{"not_picked":["SandsOfTime+1"],"picked":"SKIP","floor":30},{"not_picked":["BowlingBash+1"],"picked":"SKIP","floor":31},{"not_picked":[],"picked":"MasterReality","floor":33},{"not_picked":["ClearTheMind+1"],"picked":"SKIP","floor":35},{"not_picked":[],"picked":"Protect+1","floor":37}],"player_experience":346415,"relics_obtained":[{"floor":7,"key":"Pear"},{"floor":9,"key":"Lantern"},{"floor":12,"key":"Matryoshka"},{"floor":23,"key":"Toy Ornithopter"},{"floor":25,"key":"Boot"},{"floor":26,"key":"Orichalcum"},{"floor":26,"key":"Ancient Tea Set"},{"floor":30,"key":"Juzu Bracelet"}],"event_choices":[{"damage_healed":0,"gold_gain":0,"player_choice":"Entered Light","damage_taken":14,"max_hp_gain":0,"max_hp_loss":0,"event_name":"Shining Light","floor":3,"gold_loss":0,"cards_upgraded":["Strike_P","Strike_P"]},{"cards_removed":["Strike_P"],"damage_healed":0,"gold_gain":0,"player_choice":"Card Removal","damage_taken":0,"max_hp_gain":0,"max_hp_loss":0,"event_name":"The Cleric","floor":4,"gold_loss":50},{"cards_removed":["Defend_P"],"damage_healed":0,"gold_gain":0,"player_choice":"Forget","damage_taken":0,"max_hp_gain":0,"max_hp_loss":0,"event_name":"Living Wall","floor":11,"gold_loss":0},{"damage_healed":0,"gold_gain":0,"player_choice":"Searched \u00271\u0027 times","damage_taken":0,"max_hp_gain":0,"max_hp_loss":0,"event_name":"Dead Adventurer","floor":12,"gold_loss":0},{"damage_healed":0,"gold_gain":0,"player_choice":"Obtained Relic","damage_taken":0,"relics_obtained":["Pantograph"],"max_hp_gain":0,"max_hp_loss":0,"event_name":"Addict","floor":19,"gold_loss":85},{"damage_healed":0,"gold_gain":0,"player_choice":"Upgraded","damage_taken":0,"max_hp_gain":0,"max_hp_loss":0,"event_name":"Upgrade Shrine","floor":21,"gold_loss":0,"cards_upgraded":["Blasphemy"]},{"cards_removed":["Strike_P"],"damage_healed":0,"gold_gain":0,"player_choice":"Gave Gold","damage_taken":0,"max_hp_gain":0,"max_hp_loss":0,"event_name":"Beggar","floor":29,"gold_loss":75},{"cards_removed":["Defend_P"],"damage_healed":0,"gold_gain":0,"player_choice":"Removed Skill","damage_taken":0,"max_hp_gain":0,"max_hp_loss":0,"event_name":"Falling","floor":36,"gold_loss":0}],"is_beta":false,"boss_relics":[{"not_picked":["Coffee Dripper","HolyWater"],"picked":"Busted Crown"},{"not_picked":["Black Star","Sozu"],"picked":"SacredBark"}],"items_purged_floors":[20],"is_endless":false,"potions_floor_spawned":[5,16,23,28,33,37],"killed_by":"4 Shapes","ascension_level":8}