{"gold_per_floor":[119,69,69,87,106,135,135,164,244,244,244,45,62,73,73,73],"floor_reached":16,"playtime":859,"items_purged":[],"score":149,"play_id":"8b7b18a9-8bdf-40f9-a2e2-88337628e639","local_time":"20230820070242","is_ascension_mode":true,"campfire_choices":[{"data":"Prostrate","floor":7,"key":"SMITH"},{"floor":10,"key":"REST"},{"data":"Prostrate","floor":15,"key":"SMITH"}],"neow_cost":"NONE","seed_source_timestamp":970543957716900,"circlet_count":0,"master_deck":["Strike_P","Strike_P","Defend_P","Defend_P","Defend_P","Defend_P","Eruption","Vigilance","FollowUp","Judgement","Protect","Perseverance","Prostrate+1","SpiritShield","EmptyFist","Bandage Up","MentalFortress","ClearTheMind","Prostrate+1"],"relics":["PureWater","NeowsBlessing","Strawberry","Darkstone Periapt"],"potions_floor_usage":[8,16,16],"damage_taken":[{"damage":0,"enemies":"Cultist","floor":1,"turns":1},{"damage":0,"enemies":"2 Louse","floor":4,"turns":1},{"damage":0,"enemies":"Jaw Worm","floor":5,"turns":1},{"damage":4,"enemies":"3 Sentries","floor":6,"turns":9},{"damage":46,"enemies":"Lagavulin","floor":8,"turns":15},{"damage":1,"enemies":"Gremlin Gang","floor":13,"turns":5},{"damage":0,"enemies":"Looter","floor":14,"turns":1},{"damage":56,"enemies":"Slime Boss","floor":16,"turns":19}],"seed_played":"2831608326894261769","potions_obtained":[{"floor":6,"key":"Weak Potion"},{"floor":13,"key":"Block Potion"},{"floor":14,"key":"BlessingOfTheForge"}],"is_trial":false,"path_per_floor":["M","?","?","M","M","E","R","E","T","R","?","$","M","M","R","B"],"character_chosen":"WATCHER","items_purchased":["EmptyFist","Bandage Up","MentalFortress"],"campfire_rested":1,"item_purchase_floors":[12,12,12],"current_hp_per_floor":[65,65,65,65,65,61,61,22,22,45,38,38,41,41,41,0],"gold":73,"neow_bonus":"THREE_ENEMY_KILL","is_prod":false,"is_daily":false,"chose_seed":false,"campfire_upgraded":2,"win_rate":0,"timestamp":1692540162,"path_taken":["M","?","?","?","M","E","R","E","T","R","?","?","M","?","R","BOSS"],"build_version":"2022-12-18","purchased_purges":0,"victory":false,"max_hp_per_floor":[72,72,72,72,72,72,72,79,79,79,79,79,79,79,79,79],"card_choices":[{"not_picked":["SashWhip","ForeignInfluence"],"picked":"FollowUp","floor":1},{"not_picked":["Indignation","PathToVictory"],"picked":"Protect","floor":4},{"not_picked":["Evaluate","ReachHeaven"],"picked":"Perseverance","floor":5},{"not_picked":["Evaluate","Nirvana"],"picked":"Prostrate","floor":6},{"not_picked":["CutThroughFate","Fasting2"],"picked":"SpiritShield","floor":8},{"not_picked":["Perseverance","CutThroughFate"],"picked":"ClearTheMind","floor":13},{"not_picked":["EmptyFist","Vengeance"],"picked":"Prostrate","floor":14}],"player_experience":317482,"relics_obtained":[{"floor":8,"key":"Strawberry"},{"floor":9,"key":"Darkstone Periapt"}],"event_choices":[{"cards_removed":["Strike_P"],"damage_healed":0,"gold_gain":0,"player_choice":"Card Removal","damage_taken":0,"max_hp_gain":0,"max_hp_loss":0,"event_name":"The Cleric","floor":2,"gold_loss":50},{"damage_healed":0,"gold_gain":0,"player_choice":"1 cards matched","damage_taken":0,"max_hp_gain":0,"max_hp_loss":0,"event_name":"Match and Keep!","floor":3,"gold_loss":0,"cards_obtained":["Judgement"]},{"cards_removed":["Strike_P"],"damage_healed":0,"gold_gain":0,"player_choice":"Card Removal","damage_taken":7,"max_hp_gain":0,"max_hp_loss":0,"event_name":"Golden Wing","floor":11,"gold_loss":0}],"is_beta":false,"boss_relics":[],"items_purged_floors":[],"is_endless":false,"potions_floor_spawned":[6,13,14],"killed_by":"Slime Boss","ascension_level":7}