{"gold_per_floor":[117,135,37,54,54,54,67,67,113,138,154,168,168,186,186,289,289,300,300,300,312,326,326,336,336,336,367,277,308,16,34,34,34],"floor_reached":33,"playtime":1984,"items_purged":["Defend_P"],"score":449,"play_id":"64e051f6-5c5e-4073-82c1-ef471127ee6d","local_time":"20230820170727","is_ascension_mode":true,"campfire_choices":[{"data":"EmptyFist","floor":6,"key":"SMITH"},{"data":"Prostrate","floor":8,"key":"SMITH"},{"data":"Pray","floor":13,"key":"SMITH"},{"floor":15,"key":"REST"},{"data":"Protect","floor":23,"key":"SMITH"},{"floor":25,"key":"REST"},{"floor":32,"key":"REST"}],"neow_cost":"TEN_PERCENT_HP_LOSS","seed_source_timestamp":1005700419450000,"circlet_count":0,"master_deck":["Strike_P","Strike_P+1","Defend_P+1","Defend_P","Eruption+1","Vigilance+1","ClearTheMind","EmptyFist+1","Prostrate+1","FollowUp+1","Pray+1","Protect+1","Devotion","Perseverance+1","LikeWater"],"relics":["PureWater","War Paint","Whetstone","Busted Crown","Bottled Tornado","PreservedInsect","TeardropLocket","Mango"],"potions_floor_usage":[7,12,16,24,29,33],"damage_taken":[{"damage":0,"enemies":"Cultist","floor":1,"turns":3},{"damage":0,"enemies":"Small Slimes","floor":2,"turns":3},{"damage":3,"enemies":"2 Louse","floor":4,"turns":3},{"damage":4,"enemies":"Large Slime","floor":7,"turns":5},{"damage":24,"enemies":"3 Sentries","floor":10,"turns":11},{"damage":6,"enemies":"3 Louse","floor":11,"turns":3},{"damage":13,"enemies":"Lots of Slimes","floor":12,"turns":5},{"damage":9,"enemies":"Blue Slaver","floor":14,"turns":4},{"damage":14,"enemies":"Hexaghost","floor":16,"turns":9},{"damage":10,"enemies":"Spheric Guardian","floor":18,"turns":4},{"damage":4,"enemies":"3 Byrds","floor":21,"turns":7},{"damage":11,"enemies":"Shelled Parasite and Fungi","floor":22,"turns":5},{"damage":2,"enemies":"Sentry and Sphere","floor":24,"turns":7},{"damage":15,"enemies":"Gremlin Leader","floor":27,"turns":9},{"damage":0,"enemies":"Slavers","floor":29,"turns":8},{"damage":16,"enemies":"Centurion and Healer","floor":31,"turns":7},{"damage":51,"enemies":"Collector","floor":33,"turns":6}],"seed_played":"-5365592472322294956","potions_obtained":[{"floor":1,"key":"Fire Potion"},{"floor":11,"key":"Fruit Juice"},{"floor":14,"key":"ColorlessPotion"},{"floor":21,"key":"EssenceOfSteel"},{"floor":22,"key":"CultistPotion"},{"floor":27,"key":"DistilledChaos"}],"is_trial":false,"path_per_floor":["M","M","$","M","?","R","M","R","T","E","M","M","R","M","R","B",null,"M","?","?","M","M","R","M","R","T","E","?","E","$","M","R","B"],"character_chosen":"WATCHER","items_purchased":["Prostrate","Mango"],"campfire_rested":3,"item_purchase_floors":[3,30],"current_hp_per_floor":[65,65,65,62,62,62,58,58,58,34,28,20,20,11,32,18,57,47,34,34,30,19,19,17,39,39,24,24,24,38,22,48,0],"gold":34,"neow_bonus":"REMOVE_TWO","is_prod":false,"is_daily":false,"chose_seed":false,"campfire_upgraded":4,"win_rate":0,"timestamp":1692576447,"path_taken":["M","M","?","M","?","R","M","R","T","E","M","M","R","?","R","BOSS","M","?","?","M","M","R","M","R","T","E","?","E","$","M","R","BOSS"],"build_version":"2022-12-18","purchased_purges":1,"victory":false,"max_hp_per_floor":[65,65,65,65,65,65,65,65,65,65,65,70,70,70,70,70,70,70,75,75,75,75,75,75,75,75,75,75,75,89,89,89,89],"card_choices":[{"not_picked":["Wireheading","CutThroughFate"],"picked":"ClearTheMind","floor":1},{"not_picked":["JustLucky","CrushJoints"],"picked":"EmptyFist","floor":2},{"not_picked":["BowlingBash","Consecrate","SashWhip"],"picked":"SKIP","floor":4},{"not_picked":["SashWhip","PathToVictory"],"picked":"Nirvana","floor":7},{"not_picked":["FlyingSleeves","Scrawl"],"picked":"FollowUp","floor":10},{"not_picked":["FlurryOfBlows","ClearTheMind"],"picked":"Pray","floor":11},{"not_picked":["Evaluate","EmptyBody","ConjureBlade"],"picked":"SKIP","floor":12},{"not_picked":["CrushJoints","EmptyBody"],"picked":"Protect","floor":14},{"not_picked":["SpiritShield","Judgement"],"picked":"Devotion","floor":16},{"not_picked":["ForeignInfluence"],"picked":"SKIP","floor":18},{"not_picked":[],"picked":"Perseverance+1","floor":21},{"not_picked":["EmptyBody"],"picked":"SKIP","floor":22},{"not_picked":["Fasting2"],"picked":"SKIP","floor":24},{"not_picked":[],"picked":"LikeWater","floor":27},{"not_picked":["Adaptation"],"picked":"SKIP","floor":29},{"not_picked":["Weave"],"picked":"SKIP","floor":31}],"player_experience":326057,"relics_obtained":[{"floor":9,"key":"War Paint"},{"floor":10,"key":"Whetstone"},{"floor":26,"key":"Bottled Tornado"},{"floor":27,"key":"PreservedInsect"},{"floor":29,"key":"TeardropLocket"}],"event_choices":[{"cards_removed":["Strike_P"],"damage_healed":0,"gold_gain":0,"player_choice":"Offered Basic","damage_taken":0,"max_hp_gain":0,"max_hp_loss":0,"event_name":"Bonfire Elementals","floor":5,"gold_loss":0},{"damage_healed":0,"gold_gain":0,"player_choice":"Shed Blood","damage_taken":18,"max_hp_gain":5,"max_hp_loss":0,"event_name":"Forgotten Altar","floor":19,"gold_loss":0},{"damage_healed":0,"gold_gain":0,"player_choice":"Ignored","damage_taken":0,"max_hp_gain":0,"max_hp_loss":0,"event_name":"Ghosts","floor":20,"gold_loss":0},{"cards_removed":["Nirvana"],"damage_healed":0,"gold_gain":0,"player_choice":"Upgrade and Remove","damage_taken":0,"max_hp_gain":0,"max_hp_loss":0,"event_name":"Designer","floor":28,"gold_loss":90,"cards_upgraded":["FollowUp"]}],"is_beta":false,"boss_relics":[{"not_picked":["Fusion Hammer","Runic Dome"],"picked":"Busted Crown"}],"items_purged_floors":[3],"is_endless":false,"potions_floor_spawned":[1,11,14,21,22,27],"killed_by":"Collector","ascension_level":7}