{"gold_per_floor":[116,136,311,411,431,456,456,483,483,483,438,449,449,449,449,554,554,574,673,673,98,111,137,137,137,137,37,37,37,37,37,37,141,141,156,256,275,275,294,320,320,332,332,258,277,277,76,86,86,86],"floor_reached":51,"playtime":3448,"items_purged":["Doubt","Writhe","Strike_P","EmptyFist"],"score":827,"play_id":"e896d784-266a-4a09-b06d-33fad568567a","local_time":"20230815145043","is_ascension_mode":true,"campfire_choices":[{"data":"Prostrate","floor":7,"key":"SMITH"},{"floor":10,"key":"REST"},{"data":"Prostrate","floor":13,"key":"SMITH"},{"data":"Protect","floor":15,"key":"SMITH"},{"floor":24,"key":"REST"},{"data":"Vigilance","floor":25,"key":"SMITH"},{"data":"Pray","floor":28,"key":"SMITH"},{"data":"Finesse","floor":30,"key":"SMITH"},{"data":"Defend_P","floor":32,"key":"SMITH"},{"floor":41,"key":"REST"},{"floor":46,"key":"REST"},{"data":"Wireheading","floor":49,"key":"SMITH"}],"neow_cost":"TEN_PERCENT_HP_LOSS","seed_source_timestamp":564014062225800,"circlet_count":0,"master_deck":["Defend_P","Defend_P","Defend_P","Defend_P+1","Eruption","Vigilance+1","Protect+1","Prostrate+1","Wireheading+1","Prostrate+1","BattleHymn+1","Brilliance","LikeWater+1","Pray+1","Finesse+1","Devotion+1","Sanctity+1","InnerPeace+1","Protect+1"],"relics":["PureWater","StoneCalendar","Pantograph","Frozen Egg 2","Blue Candle","Black Star","Blood Vial","Sling","Art of War","WingedGreaves","Bottled Lightning","Pear","Nilry\u0027s Codex","Empty Cage","Smiling Mask","Bag of Marbles","Shuriken","War Paint"],"potions_floor_usage":[8,14,14],"damage_taken":[{"damage":6,"enemies":"Jaw Worm","floor":1,"turns":5},{"damage":0,"enemies":"Small Slimes","floor":2,"turns":2},{"damage":0,"enemies":"Cultist","floor":5,"turns":3},{"damage":17,"enemies":"3 Sentries","floor":6,"turns":7},{"damage":29,"enemies":"Gremlin Nob","floor":8,"turns":5},{"damage":2,"enemies":"Looter","floor":11,"turns":5},{"damage":1,"enemies":"Blue Slaver","floor":12,"turns":6},{"damage":0,"enemies":"2 Fungi Beasts","floor":14,"turns":1},{"damage":5,"enemies":"Hexaghost","floor":16,"turns":8},{"damage":7,"enemies":"Shell Parasite","floor":18,"turns":6},{"damage":16,"enemies":"2 Thieves","floor":22,"turns":4},{"damage":24,"enemies":"Book of Stabbing","floor":23,"turns":5},{"damage":23,"enemies":"Champ","floor":33,"turns":7},{"damage":0,"enemies":"3 Darklings","floor":35,"turns":5},{"damage":0,"enemies":"3 Shapes","floor":37,"turns":4},{"damage":7,"enemies":"3 Darklings","floor":39,"turns":5},{"damage":55,"enemies":"Reptomancer","floor":40,"turns":6},{"damage":10,"enemies":"4 Shapes","floor":42,"turns":5},{"damage":24,"enemies":"Transient","floor":45,"turns":5},{"damage":4,"enemies":"Sphere and 2 Shapes","floor":48,"turns":6},{"damage":27,"enemies":"Donu and Deca","floor":50,"turns":8}],"seed_played":"-2263492976598474414","potions_obtained":[{"floor":2,"key":"Ancient Potion"},{"floor":5,"key":"SmokeBomb"},{"floor":6,"key":"SteroidPotion"},{"floor":12,"key":"EssenceOfSteel"},{"floor":40,"key":"FearPotion"},{"floor":45,"key":"Swift Potion"},{"floor":48,"key":"LiquidMemories"}],"is_trial":false,"path_per_floor":["M","M","?","?","M","E","R","E","T","R","M","M","R","M","R","B",null,"M","?","?","$","M","E","R","R","T","$","R","?","R","$","R","B",null,"M","?","M","?","M","E","R","M","T","$","M","R","$","M","R","B",null],"character_chosen":"WATCHER","items_purchased":["LikeWater+1","Sling","Art of War","Pray","Finesse","Protect","War Paint"],"campfire_rested":4,"item_purchase_floors":[21,21,21,21,21,44,47],"current_hp_per_floor":[59,59,59,59,59,42,42,13,13,32,30,29,29,29,29,49,65,58,58,58,58,44,22,41,41,51,51,51,35,35,35,35,39,75,75,75,75,75,68,15,37,29,29,29,7,29,29,27,27,27],"gold":86,"neow_bonus":"ONE_RARE_RELIC","is_prod":false,"is_daily":false,"chose_seed":false,"campfire_upgraded":8,"win_rate":0,"timestamp":1692136243,"path_taken":["M","M","?","?","M","E","R","E","T","R","M","?","R","M","R","BOSS","M","?","?","$","M","E","R","R","T","$","R","?","R","?","R","BOSS","M","?","?","?","M","E","R","M","T","$","M","R","$","M","R","BOSS"],"build_version":"2022-12-18","purchased_purges":4,"victory":true,"max_hp_per_floor":[65,65,65,65,65,65,65,65,65,65,65,65,65,65,65,65,65,65,65,65,65,65,65,65,65,75,75,75,75,75,75,75,75,75,75,75,75,75,75,75,75,75,75,75,75,75,75,75,75,75],"card_choices":[{"not_picked":["Halt","SashWhip"],"picked":"Protect","floor":1},{"not_picked":["Protect","FearNoEvil"],"picked":"Prostrate","floor":2},{"not_picked":["Consecrate","WheelKick"],"picked":"EmptyFist","floor":5},{"not_picked":["Tantrum","FearNoEvil"],"picked":"Wireheading","floor":6},{"not_picked":["CrushJoints","EmptyBody","PathToVictory"],"picked":"SKIP","floor":8},{"not_picked":["FearNoEvil","Judgement"],"picked":"Prostrate","floor":11},{"not_picked":["ThirdEye","ClearTheMind"],"picked":"BattleHymn+1","floor":12},{"not_picked":["Vault","Wish"],"picked":"Brilliance","floor":16},{"not_picked":["FollowUp+1","EmptyFist","FlurryOfBlows+1"],"picked":"SKIP","floor":18},{"not_picked":["WheelKick","SashWhip+1","Tantrum"],"picked":"SKIP","floor":22},{"not_picked":["MentalFortress+1","FlurryOfBlows","JustLucky"],"picked":"SKIP","floor":23},{"not_picked":["Ragnarok","LessonLearned"],"picked":"Devotion+1","floor":33},{"not_picked":["WreathOfFlame+1","SashWhip"],"picked":"Sanctity+1","floor":35},{"not_picked":["CarveReality","CutThroughFate+1","Halt+1"],"picked":"SKIP","floor":37},{"not_picked":["Wallop+1","FlyingSleeves","FlurryOfBlows+1"],"picked":"SKIP","floor":39},{"not_picked":["Crescendo+1","Vault","Consecrate+1"],"picked":"SKIP","floor":40},{"not_picked":["Conclude","Collect+1"],"picked":"InnerPeace","floor":42},{"not_picked":["BowlingBash+1","CutThroughFate","CrushJoints"],"picked":"SKIP","floor":45},{"not_picked":["FlurryOfBlows","EmptyMind","JustLucky+1"],"picked":"SKIP","floor":48}],"player_experience":252320,"relics_obtained":[{"floor":6,"key":"Pantograph"},{"floor":8,"key":"Frozen Egg 2"},{"floor":9,"key":"Blue Candle"},{"floor":23,"key":"WingedGreaves"},{"floor":23,"key":"Bottled Lightning"},{"floor":26,"key":"Pear"},{"floor":29,"key":"Nilry\u0027s Codex"},{"floor":40,"key":"Smiling Mask"},{"floor":40,"key":"Bag of Marbles"},{"floor":43,"key":"Shuriken"}],"event_choices":[{"damage_healed":0,"gold_gain":175,"player_choice":"AGREE","damage_taken":0,"max_hp_gain":0,"max_hp_loss":0,"event_name":"Liars Game","floor":3,"gold_loss":0,"cards_obtained":["Doubt"]},{"damage_healed":0,"gold_gain":100,"player_choice":"Pray","damage_taken":0,"max_hp_gain":0,"max_hp_loss":0,"event_name":"Golden Shrine","floor":4,"gold_loss":0},{"damage_healed":0,"gold_gain":99,"player_choice":"Stole From Cult","damage_taken":0,"max_hp_gain":0,"max_hp_loss":0,"event_name":"Nest","floor":19,"gold_loss":0},{"damage_healed":0,"gold_gain":0,"player_choice":"Opened","damage_taken":0,"relics_obtained":["Blood Vial"],"max_hp_gain":0,"max_hp_loss":0,"event_name":"The Mausoleum","floor":20,"gold_loss":0,"cards_obtained":["Writhe"]},{"damage_healed":0,"gold_gain":0,"player_choice":"Obtained Book","damage_taken":16,"max_hp_gain":0,"max_hp_loss":0,"event_name":"Cursed Tome","floor":29,"gold_loss":0},{"damage_healed":0,"gold_gain":100,"player_choice":"Pray","damage_taken":0,"max_hp_gain":0,"max_hp_loss":0,"event_name":"Golden Shrine","floor":36,"gold_loss":0},{"cards_removed":["Strike_P"],"damage_healed":0,"gold_gain":0,"player_choice":"Removed Attack","damage_taken":0,"max_hp_gain":0,"max_hp_loss":0,"event_name":"Falling","floor":38,"gold_loss":0}],"is_beta":false,"boss_relics":[{"not_picked":["Runic Dome","Cursed Key"],"picked":"Black Star"},{"not_picked":["Velvet Choker","VioletLotus"],"picked":"Empty Cage"}],"items_purged_floors":[21,27,44,47],"is_endless":false,"potions_floor_spawned":[2,5,6,12,14,23,40,45,48],"ascension_level":3}