{"gold_per_floor":[113,130,305,321,169,169,199,199,199,199,215,39,39,65,65,162,162,180,180,197,212,87,87,122,122,204,217,217,244,261,261,261,357,357,370,388,388,398,20,20,30,30,30,61,61,81,81,95,95,95],"floor_reached":51,"playtime":2973,"items_purged":["Doubt","Strike_P","Strike_P+1","Defend_P"],"score":1129,"play_id":"552a748f-50d9-4284-899f-6a02c52c45ee","local_time":"20230828215710","is_ascension_mode":true,"campfire_choices":[{"data":"WindmillStrike","floor":6,"key":"SMITH"},{"data":"Vigilance","floor":8,"key":"SMITH"},{"floor":13,"key":"REST"},{"data":"WheelKick","floor":15,"key":"SMITH"},{"data":"Judgement","floor":23,"key":"SMITH"},{"data":"MentalFortress","floor":25,"key":"SMITH"},{"floor":28,"key":"REST"},{"floor":32,"key":"REST"},{"data":"LikeWater","floor":40,"key":"SMITH"},{"data":"Tantrum","floor":45,"key":"SMITH"},{"data":"Collect","floor":47,"key":"SMITH"},{"floor":49,"key":"REST"}],"neow_cost":"NONE","seed_source_timestamp":1713313724567500,"circlet_count":0,"master_deck":["AscendersBane","Defend_P+1","Defend_P","Defend_P","Eruption+1","Vigilance+1","Collect+1","WheelKick+1","WindmillStrike+1","MentalFortress+1","Judgement+1","LikeWater+1","DeceiveReality+1","Protect+1","Vault+1","Tantrum+1","Prostrate+1","EmptyBody+1","Pray+1","Vault+1","InnerPeace+1","DeceiveReality+1","Prostrate+1","MentalFortress+1","Omniscience+1","EmptyBody+1","FearNoEvil","Vault+1"],"relics":["PureWater","Bronze Scales","Toxic Egg 2","Odd Mushroom","Empty Cage","Darkstone Periapt","Juzu Bracelet","Sozu","DollysMirror","Pantograph","CloakClasp"],"potions_floor_usage":[7,29,33,50],"damage_taken":[{"damage":0,"enemies":"Cultist","floor":1,"turns":4},{"damage":3,"enemies":"2 Louse","floor":2,"turns":3},{"damage":0,"enemies":"Jaw Worm","floor":4,"turns":1},{"damage":18,"enemies":"Gremlin Nob","floor":7,"turns":4},{"damage":0,"enemies":"Large Slime","floor":11,"turns":2},{"damage":5,"enemies":"The Mushroom Lair","floor":14,"turns":4},{"damage":15,"enemies":"The Guardian","floor":16,"turns":10},{"damage":0,"enemies":"3 Byrds","floor":18,"turns":2},{"damage":0,"enemies":"Shell Parasite","floor":20,"turns":6},{"damage":4,"enemies":"Snecko","floor":21,"turns":7},{"damage":9,"enemies":"Book of Stabbing","floor":24,"turns":9},{"damage":15,"enemies":"Shelled Parasite and Fungi","floor":27,"turns":5},{"damage":25,"enemies":"Gremlin Leader","floor":29,"turns":5},{"damage":15,"enemies":"Snake Plant","floor":30,"turns":3},{"damage":14,"enemies":"Automaton","floor":33,"turns":11},{"damage":0,"enemies":"3 Shapes","floor":35,"turns":9},{"damage":1,"enemies":"Orb Walker","floor":36,"turns":7},{"damage":0,"enemies":"Sphere and 2 Shapes","floor":38,"turns":9},{"damage":0,"enemies":"Maw","floor":41,"turns":13},{"damage":1,"enemies":"Giant Head","floor":44,"turns":11},{"damage":16,"enemies":"Spire Growth","floor":46,"turns":9},{"damage":6,"enemies":"Writhing Mass","floor":48,"turns":6},{"damage":6,"enemies":"Awakened One","floor":50,"turns":21}],"seed_played":"2405836071396877594","potions_obtained":[{"floor":1,"key":"SpeedPotion"},{"floor":11,"key":"PowerPotion"},{"floor":16,"key":"Ambrosia"},{"floor":29,"key":"EssenceOfSteel"}],"is_trial":false,"path_per_floor":["M","M","?","M","$","R","E","R","T","?","M","$","R","?","R","B",null,"M","?","M","M","$","R","E","R","T","M","R","E","M","?","R","B",null,"M","M","?","M","$","R","M","?","T","E","R","M","R","M","R","B",null],"character_chosen":"WATCHER","items_purchased":["MentalFortress","DeceiveReality+1","DollysMirror","Omniscience+1"],"campfire_rested":4,"item_purchase_floors":[5,12,39,39],"current_hp_per_floor":[65,62,62,62,62,62,44,44,44,30,30,30,51,46,46,31,62,62,62,62,58,58,58,49,49,49,34,55,30,15,15,36,22,60,60,59,59,59,59,59,59,59,59,58,58,42,42,36,56,62],"gold":95,"neow_bonus":"UPGRADE_CARD","is_prod":false,"is_daily":false,"chose_seed":false,"campfire_upgraded":8,"win_rate":0,"timestamp":1693285030,"path_taken":["M","M","?","M","$","R","E","R","T","?","M","?","R","?","R","BOSS","M","?","M","M","$","R","E","R","T","M","R","E","M","?","R","BOSS","M","M","?","M","$","R","M","?","T","E","R","M","R","M","R","BOSS"],"build_version":"2022-12-18","purchased_purges":4,"victory":true,"max_hp_per_floor":[72,72,72,72,72,72,72,72,72,72,72,72,72,72,72,72,72,72,72,72,72,72,72,72,72,72,72,72,72,72,72,72,72,72,72,72,68,68,68,68,68,68,68,68,68,68,68,68,68,68],"card_choices":[{"not_picked":["ForeignInfluence","FlyingSleeves"],"picked":"Collect","floor":1},{"not_picked":["SashWhip","Wireheading"],"picked":"WheelKick","floor":2},{"not_picked":["SashWhip","BowlingBash"],"picked":"WindmillStrike","floor":4},{"not_picked":["SignatureMove","Swivel"],"picked":"Judgement","floor":7},{"not_picked":["Weave","SandsOfTime"],"picked":"LikeWater","floor":11},{"not_picked":["FollowUp","Halt+1"],"picked":"Protect+1","floor":14},{"not_picked":["DevaForm","DeusExMachina+1"],"picked":"Vault+1","floor":16},{"not_picked":["SashWhip","ReachHeaven"],"picked":"Tantrum","floor":18},{"not_picked":["PathToVictory+1","JustLucky"],"picked":"EmptyFist","floor":20},{"not_picked":["Wallop+1","Collect+1"],"picked":"Prostrate+1","floor":21},{"not_picked":["ThirdEye+1","SignatureMove"],"picked":"EmptyBody+1","floor":24},{"not_picked":["Nirvana+1","CarveReality+1"],"picked":"Pray+1","floor":27},{"not_picked":["CrushJoints","ReachHeaven+1","EmptyBody+1"],"picked":"SKIP","floor":29},{"not_picked":["CrushJoints","Judgement+1","PathToVictory+1"],"picked":"SKIP","floor":30},{"not_picked":["Alpha+1","DeusExMachina+1"],"picked":"Vault+1","floor":33},{"not_picked":["BattleHymn","ClearTheMind+1"],"picked":"InnerPeace+1","floor":35},{"not_picked":["Halt+1","Protect+1"],"picked":"DeceiveReality+1","floor":36},{"not_picked":["Sanctity+1","ReachHeaven"],"picked":"Prostrate+1","floor":38},{"not_picked":["Weave","Protect+1"],"picked":"EmptyBody+1","floor":41},{"not_picked":["Halt+1","ConjureBlade+1"],"picked":"FearNoEvil","floor":44},{"not_picked":["FlyingSleeves","Study","CrushJoints"],"picked":"SKIP","floor":46},{"not_picked":["WreathOfFlame+1","Evaluate+1"],"picked":"Vault+1","floor":48}],"player_experience":414199,"relics_obtained":[{"floor":7,"key":"Bronze Scales"},{"floor":9,"key":"Toxic Egg 2"},{"floor":14,"key":"Odd Mushroom"},{"floor":26,"key":"Darkstone Periapt"},{"floor":29,"key":"Juzu Bracelet"},{"floor":43,"key":"Pantograph"},{"floor":44,"key":"CloakClasp"}],"event_choices":[{"damage_healed":0,"gold_gain":175,"player_choice":"AGREE","damage_taken":0,"max_hp_gain":0,"max_hp_loss":0,"event_name":"Liars Game","floor":3,"gold_loss":0,"cards_obtained":["Doubt"]},{"damage_healed":0,"gold_gain":0,"player_choice":"Entered Light","damage_taken":14,"max_hp_gain":0,"max_hp_loss":0,"event_name":"Shining Light","floor":10,"gold_loss":0,"cards_upgraded":["Strike_P","Defend_P"]},{"damage_healed":0,"gold_gain":0,"player_choice":"Fought Mushrooms","damage_taken":0,"max_hp_gain":0,"max_hp_loss":0,"event_name":"Mushrooms","floor":14,"gold_loss":0},{"damage_healed":0,"gold_gain":0,"player_choice":"Ignored","damage_taken":0,"max_hp_gain":0,"max_hp_loss":0,"event_name":"Vampires","floor":19,"gold_loss":0},{"damage_healed":0,"gold_gain":0,"player_choice":"Ignored","damage_taken":0,"max_hp_gain":0,"max_hp_loss":0,"event_name":"The Mausoleum","floor":31,"gold_loss":0},{"damage_healed":0,"gold_gain":0,"player_choice":"Max HP","damage_taken":0,"max_hp_gain":0,"max_hp_loss":4,"event_name":"Winding Halls","floor":37,"gold_loss":0},{"cards_removed":["EmptyFist"],"damage_healed":0,"gold_gain":0,"player_choice":"Removed Attack","damage_taken":0,"max_hp_gain":0,"max_hp_loss":0,"event_name":"Falling","floor":42,"gold_loss":0}],"is_beta":false,"boss_relics":[{"not_picked":["Astrolabe","Coffee Dripper"],"picked":"Empty Cage"},{"not_picked":["Cursed Key","HolyWater"],"picked":"Sozu"}],"items_purged_floors":[5,12,22,39],"is_endless":false,"potions_floor_spawned":[1,11,16,27,29,30,36,38,44],"ascension_level":12}