{"gold_per_floor":[121,147,171,31,31,31,59,96,96,96,106,21,45,69,69,154,154,178,71,90,90,107,142,142,142,178,21,21],"floor_reached":28,"playtime":1709,"items_purged":["Strike_P"],"score":432,"play_id":"b3b2e393-9adf-412c-a9aa-07b350ed4860","local_time":"20230905011149","is_ascension_mode":true,"campfire_choices":[{"data":"Eruption","floor":6,"key":"SMITH"},{"floor":15,"key":"REST"},{"data":"ThirdEye","floor":25,"key":"SMITH"}],"neow_cost":"NONE","seed_source_timestamp":2331094996782100,"circlet_count":0,"master_deck":["AscendersBane","Strike_P","Strike_P","Strike_P+1","Defend_P","Defend_P+1","Defend_P+1","Defend_P+1","Eruption+1","Vigilance+1","Tantrum","EmptyBody+1","ClearTheMind+1","LessonLearned+1","ThirdEye+1","Protect","LikeWater","Halt","ReachHeaven","Omniscience+1","Perseverance+1","MentalFortress+1","CutThroughFate+1","DevaForm","Clumsy"],"relics":["PureWater","CeramicFish","Centennial Puzzle","Shuriken","Cursed Key","Darkstone Periapt","Akabeko","Membership Card"],"potions_floor_usage":[8,23,23,28],"damage_taken":[{"damage":2,"enemies":"Cultist","floor":1,"turns":3},{"damage":0,"enemies":"2 Louse","floor":2,"turns":3},{"damage":0,"enemies":"Small Slimes","floor":3,"turns":4},{"damage":2,"enemies":"Exordium Wildlife","floor":7,"turns":3},{"damage":22,"enemies":"Lagavulin","floor":8,"turns":7},{"damage":2,"enemies":"3 Louse","floor":11,"turns":7},{"damage":6,"enemies":"Lots of Slimes","floor":13,"turns":8},{"damage":8,"enemies":"Exordium Thugs","floor":14,"turns":4},{"damage":30,"enemies":"Hexaghost","floor":16,"turns":10},{"damage":9,"enemies":"2 Thieves","floor":18,"turns":4},{"damage":3,"enemies":"3 Byrds","floor":20,"turns":7},{"damage":1,"enemies":"Centurion and Healer","floor":22,"turns":10},{"damage":37,"enemies":"Book of Stabbing","floor":23,"turns":8},{"damage":77,"enemies":"Slavers","floor":28,"turns":4}],"seed_played":"-2021290093858415053","potions_obtained":[{"floor":3,"key":"DuplicationPotion"},{"floor":11,"key":"Dexterity Potion"},{"floor":13,"key":"Dexterity Potion"},{"floor":23,"key":"Strength Potion"}],"is_trial":false,"path_per_floor":["M","M","M","$","?","R","M","E","T","?","M","$","M","M","R","B",null,"M","$","M","?","M","E","?","R","T","$","E"],"character_chosen":"WATCHER","items_purchased":["LessonLearned","Protect","LikeWater","MentalFortress","Membership Card"],"campfire_rested":1,"item_purchase_floors":[4,12,12,19,27],"current_hp_per_floor":[59,59,59,59,59,59,57,35,35,35,33,33,27,19,39,9,53,44,44,41,41,40,3,68,68,74,74,0],"gold":21,"neow_bonus":"RANDOM_COMMON_RELIC","is_prod":false,"is_daily":false,"chose_seed":false,"campfire_upgraded":2,"win_rate":0,"timestamp":1693901509,"path_taken":["M","M","?","$","?","R","M","E","T","?","M","?","M","?","R","BOSS","M","$","M","?","?","E","?","R","T","?","E"],"build_version":"2022-12-18","purchased_purges":1,"victory":false,"max_hp_per_floor":[68,68,68,68,68,68,68,68,68,68,68,68,68,68,68,68,68,68,68,68,68,68,68,68,68,74,74,74],"card_choices":[{"not_picked":["Evaluate","ThirdEye"],"picked":"Tantrum","floor":1},{"not_picked":["Prostrate","Indignation"],"picked":"EmptyBody","floor":2},{"not_picked":["CrushJoints","FlurryOfBlows"],"picked":"ClearTheMind","floor":3},{"not_picked":["Tantrum","TalkToTheHand"],"picked":"Pray","floor":7},{"not_picked":["Nirvana","MasterReality"],"picked":"ThirdEye","floor":8},{"not_picked":["CutThroughFate","Swivel","FlyingSleeves"],"picked":"SKIP","floor":11},{"not_picked":["WreathOfFlame","CutThroughFate"],"picked":"Halt","floor":13},{"not_picked":["EmptyFist","PathToVictory"],"picked":"ReachHeaven","floor":14},{"not_picked":["LessonLearned","Alpha"],"picked":"Omniscience","floor":16},{"not_picked":["PathToVictory","Crescendo"],"picked":"Perseverance+1","floor":18},{"not_picked":["PathToVictory","FlurryOfBlows"],"picked":"CutThroughFate+1","floor":20},{"not_picked":["WheelKick","Perseverance","Tantrum"],"picked":"SKIP","floor":22},{"not_picked":["Prostrate","BowlingBash"],"picked":"DevaForm","floor":23}],"player_experience":482726,"relics_obtained":[{"floor":8,"key":"Centennial Puzzle"},{"floor":9,"key":"Shuriken"},{"floor":23,"key":"Darkstone Periapt"},{"floor":26,"key":"Akabeko"}],"event_choices":[{"damage_healed":0,"gold_gain":0,"player_choice":"Grow","damage_taken":0,"max_hp_gain":0,"max_hp_loss":0,"event_name":"Living Wall","floor":5,"gold_loss":0,"cards_upgraded":["LessonLearned"]},{"damage_healed":0,"gold_gain":0,"player_choice":"Ignored","damage_taken":0,"max_hp_gain":0,"max_hp_loss":0,"event_name":"Liars Game","floor":10,"gold_loss":0},{"damage_healed":0,"gold_gain":0,"player_choice":"Forge","damage_taken":0,"max_hp_gain":0,"max_hp_loss":0,"event_name":"Accursed Blacksmith","floor":21,"gold_loss":0,"cards_upgraded":["MentalFortress"]},{"cards_removed":["Pray"],"damage_healed":65,"gold_gain":0,"player_choice":"Offered Uncommon","damage_taken":0,"max_hp_gain":0,"max_hp_loss":0,"event_name":"Bonfire Elementals","floor":24,"gold_loss":0}],"is_beta":false,"boss_relics":[{"not_picked":["VioletLotus","Runic Pyramid"],"picked":"Cursed Key"}],"items_purged_floors":[19],"is_endless":false,"potions_floor_spawned":[3,11,13,14,16,23],"killed_by":"Slavers","ascension_level":16}