{"gold_per_floor":[116,134,153,153,165,165,220,220,291,291,305,260],"floor_reached":12,"playtime":515,"items_purged":[],"score":112,"play_id":"89208da6-2b10-413d-ac87-b54b30f98b49","local_time":"20230828183542","is_ascension_mode":true,"campfire_choices":[{"data":"FlyingSleeves","floor":6,"key":"SMITH"},{"floor":8,"key":"REST"},{"data":"Eruption","floor":10,"key":"SMITH"}],"neow_cost":"NONE","seed_source_timestamp":1703697720432900,"circlet_count":0,"master_deck":["AscendersBane","Strike_P","Strike_P","Strike_P","Strike_P","Defend_P","Defend_P","Defend_P","Eruption+1","Vigilance","MentalFortress","FlyingSleeves+1","Prostrate","ClearTheMind","Wireheading","Pray"],"relics":["PureWater","Art of War","Singing Bowl"],"potions_floor_usage":[3,5,7],"damage_taken":[{"damage":2,"enemies":"Jaw Worm","floor":1,"turns":7},{"damage":1,"enemies":"Small Slimes","floor":2,"turns":3},{"damage":0,"enemies":"2 Louse","floor":3,"turns":3},{"damage":20,"enemies":"Gremlin Gang","floor":5,"turns":8},{"damage":47,"enemies":"Gremlin Nob","floor":7,"turns":5},{"damage":6,"enemies":"Looter","floor":11,"turns":4},{"damage":22,"enemies":"Exordium Thugs","floor":12,"turns":3}],"seed_played":"2631377945481506834","potions_obtained":[{"floor":0,"key":"Fire Potion"},{"floor":0,"key":"Strength Potion"},{"floor":1,"key":"Regen Potion"},{"floor":3,"key":"Block Potion"}],"is_trial":false,"path_per_floor":["M","M","M","?","M","R","?","R","T","R","M","M"],"character_chosen":"WATCHER","items_purchased":[],"campfire_rested":1,"item_purchase_floors":[],"current_hp_per_floor":[63,62,62,55,35,35,2,23,23,23,17,0],"gold":260,"neow_bonus":"THREE_SMALL_POTIONS","is_prod":false,"is_daily":false,"chose_seed":false,"campfire_upgraded":2,"win_rate":0,"timestamp":1693272942,"path_taken":["M","M","M","?","M","R","?","R","T","R","M","M"],"build_version":"2022-12-18","purchased_purges":0,"victory":false,"max_hp_per_floor":[72,72,72,72,72,72,72,72,72,72,72,72],"card_choices":[{"not_picked":["Vengeance","Swivel"],"picked":"MentalFortress","floor":1},{"not_picked":["TalkToTheHand","Wallop"],"picked":"FlyingSleeves","floor":2},{"not_picked":["Crescendo","FlyingSleeves"],"picked":"Prostrate","floor":3},{"not_picked":["Crescendo","BowlingBash"],"picked":"ClearTheMind","floor":5},{"not_picked":["Fasting2","FlyingSleeves"],"picked":"Wireheading","floor":7},{"not_picked":["EmptyBody","EmptyFist"],"picked":"Pray","floor":11}],"player_experience":406704,"relics_obtained":[{"floor":7,"key":"Art of War"},{"floor":9,"key":"Singing Bowl"}],"event_choices":[{"cards_removed":["Defend_P"],"damage_healed":0,"gold_gain":0,"player_choice":"Card Removal","damage_taken":7,"max_hp_gain":0,"max_hp_loss":0,"event_name":"Golden Wing","floor":4,"gold_loss":0},{"damage_healed":0,"gold_gain":0,"player_choice":"Searched \u00272\u0027 times","damage_taken":0,"max_hp_gain":0,"max_hp_loss":0,"event_name":"Dead Adventurer","floor":7,"gold_loss":0}],"is_beta":false,"boss_relics":[],"items_purged_floors":[],"is_endless":false,"potions_floor_spawned":[1,3],"killed_by":"Exordium Thugs","ascension_level":12}