{"gold_per_floor":[111,121,135,60,74,74,88,88,88,88,100,114,141,157,157,253,253,270,195,44,58,72,72,99,21,21,21,21,37,37,49,49,154,204,221,221,0,13,24,24,24,44,68,68,81,81,100,0,0,0],"floor_reached":51,"playtime":2517,"items_purged":["Defend_P","Strike_P"],"score":1202,"play_id":"629b45a3-62c4-47ec-8902-0c74870db5dc","local_time":"20230827011338","is_ascension_mode":true,"campfire_choices":[{"data":"Eruption","floor":6,"key":"SMITH"},{"data":"WindmillStrike","floor":8,"key":"SMITH"},{"floor":10,"key":"REST"},{"data":"SashWhip","floor":15,"key":"SMITH"},{"floor":23,"key":"REST"},{"data":"LikeWater","floor":28,"key":"SMITH"},{"data":"Vigilance","floor":30,"key":"SMITH"},{"data":"ThirdEye","floor":32,"key":"SMITH"},{"data":"WaveOfTheHand","floor":40,"key":"SMITH"},{"data":"EmptyFist","floor":44,"key":"SMITH"},{"data":"CarveReality","floor":46,"key":"SMITH"},{"floor":49,"key":"REST"}],"neow_cost":"NONE","seed_source_timestamp":1552747890349300,"circlet_count":0,"master_deck":["AscendersBane","Strike_P","Strike_P","Defend_P","Defend_P+1","Defend_P+1","Eruption+1","Vigilance+1","WindmillStrike+1","ThirdEye+1","LikeWater+1","SashWhip+1","DeceiveReality+1","Fasting2+1","LikeWater+1","EmptyFist+1","InnerPeace","Wireheading+1","Nirvana+1","CarveReality+1","Devotion+1","WaveOfTheHand+1","Perseverance+1","BattleHymn+1","Establishment+1"],"relics":["Velvet Choker","Frozen Egg 2","Vajra","Philosopher\u0027s Stone","Regal Pillow","GoldenEye","Kunai","Tiny House","Red Mask","War Paint"],"potions_floor_usage":[11,13,27,27,50,50],"damage_taken":[{"damage":7,"enemies":"Small Slimes","floor":1,"turns":5},{"damage":0,"enemies":"2 Louse","floor":2,"turns":2},{"damage":7,"enemies":"Jaw Worm","floor":3,"turns":3},{"damage":0,"enemies":"Large Slime","floor":5,"turns":4},{"damage":13,"enemies":"Lots of Slimes","floor":7,"turns":3},{"damage":6,"enemies":"Gremlin Gang","floor":11,"turns":5},{"damage":4,"enemies":"Red Slaver","floor":12,"turns":3},{"damage":0,"enemies":"Gremlin Nob","floor":13,"turns":2},{"damage":1,"enemies":"Looter","floor":14,"turns":3},{"damage":0,"enemies":"Slime Boss","floor":16,"turns":4},{"damage":19,"enemies":"3 Byrds","floor":18,"turns":7},{"damage":4,"enemies":"Shell Parasite","floor":21,"turns":5},{"damage":0,"enemies":"Snecko","floor":22,"turns":7},{"damage":13,"enemies":"Book of Stabbing","floor":24,"turns":5},{"damage":0,"enemies":"Slavers","floor":27,"turns":1},{"damage":1,"enemies":"Shelled Parasite and Fungi","floor":29,"turns":4},{"damage":8,"enemies":"Centurion and Healer","floor":31,"turns":5},{"damage":12,"enemies":"Collector","floor":33,"turns":10},{"damage":12,"enemies":"Orb Walker","floor":35,"turns":5},{"damage":0,"enemies":"3 Shapes","floor":38,"turns":6},{"damage":3,"enemies":"Spire Growth","floor":39,"turns":5},{"damage":1,"enemies":"4 Shapes","floor":42,"turns":5},{"damage":25,"enemies":"Transient","floor":45,"turns":5},{"damage":0,"enemies":"Maw","floor":47,"turns":8},{"damage":16,"enemies":"Time Eater","floor":50,"turns":7}],"seed_played":"1626508231295742729","potions_obtained":[{"floor":1,"key":"ColorlessPotion"},{"floor":2,"key":"DuplicationPotion"},{"floor":5,"key":"DistilledChaos"},{"floor":13,"key":"Block Potion"},{"floor":14,"key":"LiquidMemories"},{"floor":21,"key":"SmokeBomb"},{"floor":31,"key":"SpeedPotion"},{"floor":33,"key":"LiquidMemories"}],"is_trial":false,"path_per_floor":["M","M","M","$","M","R","M","R","T","R","M","M","E","M","R","B",null,"M","?","$","M","M","R","E","$","T","E","R","M","R","M","R","B",null,"M","?","?","M","M","R","?","M","T","R","M","R","M","$","R","B",null],"character_chosen":"WATCHER","items_purchased":["Regal Pillow","Nirvana+1"],"campfire_rested":3,"item_purchase_floors":[20,25],"current_hp_per_floor":[58,58,51,51,51,51,38,38,38,59,53,49,49,48,48,48,66,47,47,47,43,43,72,59,59,59,59,59,58,58,50,50,38,69,57,57,57,57,54,54,77,76,76,76,51,51,51,51,77,61],"gold":0,"neow_bonus":"BOSS_RELIC","is_prod":false,"is_daily":false,"chose_seed":false,"campfire_upgraded":9,"win_rate":0,"timestamp":1693124018,"path_taken":["M","M","M","$","M","R","M","R","T","R","M","M","E","M","R","BOSS","M","?","$","M","M","R","E","$","T","E","R","M","R","M","R","BOSS","M","?","?","M","M","R","?","?","T","R","?","R","M","?","R","BOSS"],"build_version":"2022-12-18","purchased_purges":2,"victory":true,"max_hp_per_floor":[72,72,72,72,72,72,72,72,72,72,72,72,72,72,72,72,72,72,72,72,72,72,72,72,72,72,72,72,72,72,72,72,72,77,77,77,77,77,77,77,77,77,77,77,77,77,77,77,77,77],"card_choices":[{"not_picked":["MentalFortress","SandsOfTime"],"picked":"WindmillStrike","floor":1},{"not_picked":["BowlingBash","Indignation"],"picked":"ThirdEye","floor":2},{"not_picked":["Evaluate","ForeignInfluence","PathToVictory"],"picked":"SKIP","floor":3},{"not_picked":["Crescendo","Halt"],"picked":"LikeWater","floor":5},{"not_picked":["ThirdEye","Sanctity","PathToVictory"],"picked":"SKIP","floor":7},{"not_picked":["EmptyMind","JustLucky","BowlingBash"],"picked":"SKIP","floor":11},{"not_picked":["Consecrate","ConjureBlade"],"picked":"SashWhip","floor":12},{"not_picked":["Crescendo","CutThroughFate"],"picked":"DeceiveReality","floor":13},{"not_picked":["ReachHeaven","BowlingBash"],"picked":"Fasting2+1","floor":14},{"not_picked":["Consecrate+1","ForeignInfluence+1"],"picked":"LikeWater+1","floor":18},{"not_picked":["CutThroughFate","EmptyBody"],"picked":"EmptyFist","floor":21},{"not_picked":["FollowUp","PathToVictory"],"picked":"InnerPeace","floor":22},{"not_picked":["Tantrum+1","CrushJoints"],"picked":"Wireheading+1","floor":24},{"not_picked":["PathToVictory","BowlingBash+1","EmptyBody"],"picked":"SKIP","floor":29},{"not_picked":["FollowUp","FlurryOfBlows"],"picked":"CarveReality","floor":31},{"not_picked":["ConjureBlade","Alpha"],"picked":"Devotion+1","floor":33},{"not_picked":["Crescendo","Perseverance+1"],"picked":"WaveOfTheHand","floor":34},{"not_picked":["SashWhip+1","Collect"],"picked":"Perseverance+1","floor":35},{"not_picked":["CrushJoints","EmptyBody+1"],"picked":"BattleHymn+1","floor":38},{"not_picked":["CrushJoints","Evaluate","ClearTheMind"],"picked":"SKIP","floor":39},{"not_picked":["FlurryOfBlows+1","Wireheading+1","FearNoEvil+1"],"picked":"SKIP","floor":42},{"not_picked":["EmptyFist","Conclude+1"],"picked":"Establishment+1","floor":45},{"not_picked":["Evaluate","ForeignInfluence","Consecrate+1"],"picked":"SKIP","floor":47}],"player_experience":389835,"relics_obtained":[{"floor":9,"key":"Frozen Egg 2"},{"floor":13,"key":"Vajra"},{"floor":24,"key":"GoldenEye"},{"floor":26,"key":"Kunai"},{"floor":43,"key":"War Paint"}],"event_choices":[{"cards_removed":["Strike_P"],"damage_healed":0,"gold_gain":0,"player_choice":"Gave Gold","damage_taken":0,"max_hp_gain":0,"max_hp_loss":0,"event_name":"Beggar","floor":19,"gold_loss":75},{"damage_healed":0,"gold_gain":0,"player_choice":"Ignored","damage_taken":0,"max_hp_gain":0,"max_hp_loss":0,"event_name":"Mysterious Sphere","floor":36,"gold_loss":0},{"damage_healed":0,"gold_gain":0,"player_choice":"Paid","damage_taken":0,"relics_obtained":["Red Mask"],"max_hp_gain":0,"max_hp_loss":0,"event_name":"Tomb of Lord Red Mask","floor":37,"gold_loss":221},{"damage_healed":23,"gold_gain":0,"player_choice":"Full Heal","damage_taken":0,"max_hp_gain":0,"max_hp_loss":0,"event_name":"Wheel of Change","floor":41,"gold_loss":0}],"is_beta":false,"boss_relics":[{"not_picked":["Sozu","Black Star"],"picked":"Philosopher\u0027s Stone"},{"not_picked":["Calling Bell","Coffee Dripper"],"picked":"Tiny House"}],"items_purged_floors":[4,48],"is_endless":false,"potions_floor_spawned":[1,2,5,13,14,21,31,33,35,38],"ascension_level":11}