{"gold_per_floor":[119,139,158,158,175,175,208,208,208,208,56,81,81,107,107,211,511,521,94,94,193,204,204,230,0,0,13,28,28,40,72,72,173,173,192,212,225,241,40,66,66,66,91,110,110,110,129,148,148,148],"floor_reached":50,"playtime":4164,"items_purged":["Strike_P","Strike_P","Strike_P"],"score":916,"play_id":"6acbfa80-a26c-466d-adf5-db5d14f65539","local_time":"20230828205408","is_ascension_mode":true,"campfire_choices":[{"data":"Study","floor":6,"key":"SMITH"},{"data":"WindmillStrike","floor":8,"key":"SMITH"},{"data":"Vigilance","floor":10,"key":"SMITH"},{"data":"Protect","floor":13,"key":"SMITH"},{"data":"Nirvana","floor":15,"key":"SMITH"},{"data":"Protect","floor":23,"key":"SMITH"},{"floor":29,"key":"REST"},{"data":"Blind","floor":32,"key":"SMITH"},{"floor":42,"key":"REST"},{"data":"ClearTheMind","floor":45,"key":"SMITH"},{"floor":49,"key":"REST"}],"neow_cost":"NONE","seed_source_timestamp":1708351997113000,"circlet_count":0,"master_deck":["AscendersBane","Strike_P","Defend_P","Defend_P","Defend_P","Eruption","Vigilance+1","DeusExMachina","EmptyBody","ClearTheMind+1","Study+1","Protect+1","WindmillStrike+1","ReachHeaven","Nirvana+1","Wireheading","Judgement","CurseOfTheBell","Collect","SignatureMove","Protect+1","Blind+1","Wireheading","Crescendo+1","EmptyBody+1","BattleHymn+1","WaveOfTheHand+1","SpiritShield+1","Crescendo+1","ThirdEye+1","LikeWater","ThirdEye+1","JustLucky+1"],"relics":["HolyWater","StoneCalendar","Eternal Feather","Matryoshka","Darkstone Periapt","Calling Bell","Regal Pillow","Yang","Old Coin","Pen Nib","Omamori","Toxic Egg 2","Question Card","Incense Burner","Bronze Scales","Happy Flower","Toy Ornithopter"],"potions_floor_usage":[7,12,14,24,24,33,33,40,40,48,48,48,48,48,50],"damage_taken":[{"damage":0,"enemies":"2 Louse","floor":1,"turns":3},{"damage":6,"enemies":"Jaw Worm","floor":2,"turns":5},{"damage":1,"enemies":"Small Slimes","floor":3,"turns":4},{"damage":7,"enemies":"2 Fungi Beasts","floor":5,"turns":4},{"damage":7,"enemies":"3 Sentries","floor":7,"turns":9},{"damage":11,"enemies":"Gremlin Nob","floor":12,"turns":4},{"damage":21,"enemies":"3 Sentries","floor":14,"turns":7},{"damage":6,"enemies":"The Guardian","floor":16,"turns":12},{"damage":18,"enemies":"Shell Parasite","floor":18,"turns":7},{"damage":9,"enemies":"Chosen","floor":22,"turns":7},{"damage":30,"enemies":"Slavers","floor":24,"turns":5},{"damage":0,"enemies":"Snecko","floor":27,"turns":8},{"damage":19,"enemies":"Centurion and Healer","floor":28,"turns":6},{"damage":23,"enemies":"Snake Plant","floor":30,"turns":6},{"damage":3,"enemies":"Book of Stabbing","floor":31,"turns":4},{"damage":5,"enemies":"Collector","floor":33,"turns":10},{"damage":1,"enemies":"3 Shapes","floor":35,"turns":5},{"damage":11,"enemies":"Orb Walker","floor":36,"turns":4},{"damage":12,"enemies":"3 Darklings","floor":37,"turns":6},{"damage":17,"enemies":"Maw","floor":38,"turns":7},{"damage":41,"enemies":"Reptomancer","floor":40,"turns":8},{"damage":31,"enemies":"Transient","floor":44,"turns":5},{"damage":36,"enemies":"Spire Growth","floor":47,"turns":7},{"damage":5,"enemies":"3 Darklings","floor":48,"turns":5},{"damage":96,"enemies":"Awakened One","floor":50,"turns":14}],"seed_played":"-7352142159065145333","potions_obtained":[{"floor":3,"key":"Fire Potion"},{"floor":7,"key":"AttackPotion"},{"floor":12,"key":"Swift Potion"},{"floor":16,"key":"Strength Potion"},{"floor":22,"key":"SneckoOil"},{"floor":28,"key":"Energy Potion"},{"floor":30,"key":"BlessingOfTheForge"},{"floor":33,"key":"StancePotion"},{"floor":35,"key":"LiquidMemories"},{"floor":38,"key":"Regen Potion"},{"floor":44,"key":"EntropicBrew"},{"floor":48,"key":"SpeedPotion"}],"is_trial":false,"path_per_floor":["M","M","M","?","M","R","E","R","T","R","$","E","R","E","R","B",null,"M","$","?","?","M","R","E","?","T","M","M","R","M","E","R","B",null,"M","M","M","M","$","E","?","R","T","M","R","?","M","M","R","B"],"character_chosen":"WATCHER","items_purchased":["ReachHeaven","Pen Nib","SignatureMove","Protect","Blind","LikeWater"],"campfire_rested":3,"item_purchase_floors":[11,19,19,19,19,39],"current_hp_per_floor":[65,59,58,58,51,51,44,44,44,53,53,42,51,30,39,33,68,50,50,50,50,41,53,23,23,23,23,4,57,34,31,46,41,69,68,57,45,28,28,2,2,58,58,27,45,45,9,29,78,0],"gold":148,"neow_bonus":"ONE_RANDOM_RARE_CARD","is_prod":false,"is_daily":false,"chose_seed":false,"campfire_upgraded":8,"win_rate":0,"timestamp":1693281248,"path_taken":["M","M","M","?","M","R","E","R","T","R","$","E","R","E","R","BOSS","M","$","?","?","?","R","E","?","T","M","M","R","M","E","R","BOSS","M","M","M","M","$","E","?","R","T","M","R","?","?","M","R","BOSS"],"build_version":"2022-12-18","purchased_purges":3,"victory":false,"max_hp_per_floor":[72,72,72,72,72,72,72,72,72,72,72,72,72,72,72,72,78,78,78,78,78,78,78,78,78,78,78,78,78,78,78,78,78,78,78,78,78,78,78,78,78,78,78,78,78,78,78,78,78,78],"card_choices":[{"not_picked":["FlurryOfBlows","CrushJoints"],"picked":"EmptyBody","floor":1},{"not_picked":["EmptyBody","BowlingBash"],"picked":"ClearTheMind","floor":2},{"not_picked":["JustLucky","Vengeance"],"picked":"Study","floor":3},{"not_picked":["Consecrate","Pray"],"picked":"Protect","floor":5},{"not_picked":["Consecrate","EmptyFist"],"picked":"WindmillStrike","floor":7},{"not_picked":["JustLucky","SashWhip"],"picked":"Nirvana","floor":12},{"not_picked":["Adaptation","Fasting2"],"picked":"Wireheading","floor":14},{"not_picked":["DeusExMachina","Wish"],"picked":"Judgement","floor":16},{"not_picked":["FlyingSleeves","ClearTheMind+1"],"picked":"Collect","floor":18},{"not_picked":["FlyingSleeves","FlurryOfBlows"],"picked":"Wireheading","floor":22},{"not_picked":["FollowUp","Brilliance","Halt"],"picked":"SKIP","floor":24},{"not_picked":["EmptyFist","ThirdEye+1","Halt+1"],"picked":"Crescendo+1","floor":27},{"not_picked":["FollowUp","Crescendo+1","Weave"],"picked":"EmptyBody+1","floor":28},{"not_picked":["SandsOfTime","FollowUp","EmptyMind+1"],"picked":"BattleHymn+1","floor":30},{"not_picked":["Crescendo+1","ForeignInfluence+1","Pray+1"],"picked":"WaveOfTheHand+1","floor":31},{"not_picked":["MasterReality","Devotion","DeusExMachina+1"],"picked":"SpiritShield+1","floor":33},{"not_picked":["Sanctity+1","CutThroughFate","SashWhip","Consecrate"],"picked":"SKIP","floor":35},{"not_picked":["Vengeance+1","Weave","Consecrate","Prostrate+1"],"picked":"SKIP","floor":36},{"not_picked":["Fasting2","BowlingBash","SignatureMove"],"picked":"Crescendo+1","floor":37},{"not_picked":["Wallop+1","Worship+1","FlurryOfBlows"],"picked":"ThirdEye+1","floor":38},{"not_picked":["Worship+1","BattleHymn","SandsOfTime"],"picked":"ThirdEye+1","floor":40},{"not_picked":["Prostrate+1","Worship+1","DeusExMachina+1"],"picked":"JustLucky+1","floor":44},{"not_picked":["CrushJoints","WreathOfFlame+1","Study","JustLucky"],"picked":"SKIP","floor":47},{"not_picked":["BowlingBash","ClearTheMind+1","WindmillStrike","ConjureBlade+1"],"picked":"SKIP","floor":48}],"player_experience":409448,"relics_obtained":[{"floor":7,"key":"StoneCalendar"},{"floor":9,"key":"Eternal Feather"},{"floor":12,"key":"Matryoshka"},{"floor":14,"key":"Darkstone Periapt"},{"floor":17,"key":"Regal Pillow"},{"floor":17,"key":"Yang"},{"floor":17,"key":"Old Coin"},{"floor":24,"key":"Omamori"},{"floor":26,"key":"Toxic Egg 2"},{"floor":26,"key":"Question Card"},{"floor":31,"key":"Incense Burner"},{"floor":40,"key":"Bronze Scales"},{"floor":43,"key":"Happy Flower"},{"floor":43,"key":"Toy Ornithopter"}],"event_choices":[{"cards_removed":["Defend_P"],"damage_healed":0,"gold_gain":0,"player_choice":"Forget","damage_taken":0,"max_hp_gain":0,"max_hp_loss":0,"event_name":"Living Wall","floor":4,"gold_loss":0},{"damage_healed":0,"gold_gain":0,"player_choice":"Ignored","damage_taken":0,"max_hp_gain":0,"max_hp_loss":0,"event_name":"The Mausoleum","floor":20,"gold_loss":0},{"damage_healed":0,"gold_gain":99,"player_choice":"Stole From Cult","damage_taken":0,"max_hp_gain":0,"max_hp_loss":0,"event_name":"Nest","floor":21,"gold_loss":0},{"damage_healed":0,"gold_gain":0,"player_choice":"Paid Fearfully","damage_taken":0,"max_hp_gain":0,"max_hp_loss":0,"event_name":"Masked Bandits","floor":25,"gold_loss":230},{"damage_healed":0,"gold_gain":0,"player_choice":"Ignored","damage_taken":0,"max_hp_gain":0,"max_hp_loss":0,"event_name":"Mysterious Sphere","floor":41,"gold_loss":0},{"damage_healed":0,"gold_gain":0,"player_choice":"Ignored","damage_taken":0,"max_hp_gain":0,"max_hp_loss":0,"event_name":"SecretPortal","floor":46,"gold_loss":0}],"is_beta":false,"boss_relics":[{"not_picked":["Velvet Choker","Runic Dome"],"picked":"Calling Bell"},{"not_picked":["Black Star","Snecko Eye"],"picked":"HolyWater"}],"items_purged_floors":[11,19,39],"is_endless":false,"potions_floor_spawned":[3,7,12,16,22,28,30,33,35,38,44,48],"killed_by":"Awakened One","ascension_level":12}