{"gold_per_floor":[109,0,17,17,17,17,42,42,42,68,68,94,114,128,128,232,232,244,244,244,244,169,169,183,214,214,214,224,224,4,22,22,117,117,137,187,187,206,219,250,250,268,268,34,34,34,54,70,70,70],"floor_reached":51,"playtime":2285,"items_purged":["Strike_P","Strike_P+1"],"score":1145,"play_id":"ae9f0108-f898-491c-8aa6-0e41fca0be0a","local_time":"20230826005137","is_ascension_mode":true,"campfire_choices":[{"data":"Eruption","floor":6,"key":"SMITH"},{"floor":8,"key":"REST"},{"data":"Protect","floor":11,"key":"SMITH"},{"data":"Prostrate","floor":15,"key":"SMITH"},{"data":"MasterReality","floor":23,"key":"SMITH"},{"data":"Pray","floor":27,"key":"SMITH"},{"data":"SignatureMove","floor":29,"key":"SMITH"},{"data":"BattleHymn","floor":32,"key":"SMITH"},{"data":"Establishment","floor":41,"key":"SMITH"},{"data":"Pray","floor":46,"key":"SMITH"},{"data":"MentalFortress","floor":49,"key":"SMITH"}],"neow_cost":"NONE","seed_source_timestamp":1465255131829800,"circlet_count":0,"master_deck":["AscendersBane","Strike_P+1","Strike_P+1","Defend_P+1","Defend_P+1","Defend_P+1","Defend_P+1","Eruption+1","Vigilance","Protect+1","SignatureMove+1","CarveReality","DeusExMachina","Prostrate+1","Crescendo","EmptyBody","MasterReality+1","Protect+1","Pray+1","DeceiveReality","BattleHymn+1","Establishment+1","MentalFortress+1","Pray+1"],"relics":["HolyWater","Sundial","Bag of Marbles","Pen Nib","Eternal Feather","Philosopher\u0027s Stone","MutagenicStrength","Lantern","Kunai","Bag of Preparation","Mango","Strawberry","Smiling Mask","Anchor"],"potions_floor_usage":[7,33,50,50],"damage_taken":[{"damage":0,"enemies":"Small Slimes","floor":1,"turns":2},{"damage":0,"enemies":"Cultist","floor":3,"turns":1},{"damage":32,"enemies":"Gremlin Nob","floor":7,"turns":3},{"damage":10,"enemies":"3 Sentries","floor":10,"turns":6},{"damage":26,"enemies":"Gremlin Nob","floor":12,"turns":5},{"damage":0,"enemies":"Jaw Worm","floor":13,"turns":2},{"damage":2,"enemies":"Large Slime","floor":14,"turns":3},{"damage":18,"enemies":"Hexaghost","floor":16,"turns":8},{"damage":9,"enemies":"Chosen","floor":18,"turns":2},{"damage":0,"enemies":"2 Thieves","floor":24,"turns":4},{"damage":24,"enemies":"Gremlin Leader","floor":25,"turns":5},{"damage":6,"enemies":"Cultist and Chosen","floor":28,"turns":3},{"damage":12,"enemies":"Centurion and Healer","floor":31,"turns":4},{"damage":2,"enemies":"Automaton","floor":33,"turns":8},{"damage":6,"enemies":"3 Darklings","floor":35,"turns":4},{"damage":0,"enemies":"Mind Bloom Boss Battle","floor":36,"turns":4},{"damage":1,"enemies":"Orb Walker","floor":38,"turns":3},{"damage":0,"enemies":"Maw","floor":39,"turns":5},{"damage":0,"enemies":"Nemesis","floor":40,"turns":7},{"damage":10,"enemies":"Spire Growth","floor":42,"turns":4},{"damage":9,"enemies":"Jaw Worm Horde","floor":47,"turns":4},{"damage":17,"enemies":"Sphere and 2 Shapes","floor":48,"turns":5},{"damage":11,"enemies":"Donu and Deca","floor":50,"turns":8}],"seed_played":"-2628619947316336891","potions_obtained":[{"floor":3,"key":"BlessingOfTheForge"},{"floor":7,"key":"SneckoOil"},{"floor":13,"key":"Strength Potion"},{"floor":14,"key":"Weak Potion"},{"floor":25,"key":"SneckoOil"},{"floor":31,"key":"DistilledChaos"},{"floor":36,"key":"Weak Potion"},{"floor":39,"key":"Energy Potion"},{"floor":40,"key":"Strength Potion"}],"is_trial":false,"path_per_floor":["M","$","M","?","$","R","E","R","T","E","R","E","M","M","R","B",null,"M","?","?","?","?","R","M","E","T","R","M","R","$","M","R","B",null,"M","?","?","M","M","E","R","M","T","$","?","R","M","M","R","B",null],"character_chosen":"WATCHER","items_purchased":["SignatureMove","BattleHymn","Bag of Preparation","Pray","Anchor"],"campfire_rested":1,"item_purchase_floors":[2,30,30,44,44],"current_hp_per_floor":[65,65,65,65,65,65,33,54,54,44,44,18,18,16,25,7,56,47,47,47,34,34,43,43,19,19,31,25,37,37,25,37,35,67,61,75,75,74,74,81,93,83,83,83,83,95,86,69,81,70],"gold":70,"neow_bonus":"RANDOM_COLORLESS","is_prod":false,"is_daily":false,"chose_seed":false,"campfire_upgraded":10,"win_rate":0,"timestamp":1693036297,"path_taken":["M","$","M","?","$","R","E","R","T","E","R","E","?","M","R","BOSS","M","?","?","?","?","R","M","E","T","R","M","R","$","M","R","BOSS","M","?","?","M","M","E","R","M","T","$","?","R","M","M","R","BOSS"],"build_version":"2022-12-18","purchased_purges":2,"victory":true,"max_hp_per_floor":[72,72,72,72,72,72,72,72,72,72,72,72,72,72,72,72,72,72,72,72,77,77,77,77,77,77,77,77,77,77,77,77,77,77,77,91,91,91,91,98,98,98,98,98,98,98,98,98,98,98],"card_choices":[{"not_picked":["Panacea","Enlightenment"],"picked":"Impatience","floor":0},{"not_picked":["EmptyFist","Halt"],"picked":"Protect","floor":1},{"not_picked":["Consecrate","WheelKick"],"picked":"CarveReality","floor":3},{"not_picked":["Crescendo","Protect"],"picked":"DeusExMachina","floor":7},{"not_picked":["FlyingSleeves","Consecrate"],"picked":"Prostrate","floor":10},{"not_picked":["Weave","Collect","FlyingSleeves"],"picked":"SKIP","floor":12},{"not_picked":["Sanctity","PathToVictory"],"picked":"Crescendo","floor":13},{"not_picked":["ConjureBlade","ThirdEye"],"picked":"EmptyBody","floor":14},{"not_picked":["Alpha","LessonLearned"],"picked":"MasterReality","floor":16},{"not_picked":["Study","Conclude"],"picked":"Protect+1","floor":18},{"not_picked":["Perseverance","Crescendo","BowlingBash"],"picked":"SKIP","floor":24},{"not_picked":["WheelKick","MentalFortress"],"picked":"Pray","floor":25},{"not_picked":["FlyingSleeves+1","Vengeance+1"],"picked":"DeceiveReality","floor":28},{"not_picked":["BattleHymn","Crescendo","CrushJoints"],"picked":"SKIP","floor":31},{"not_picked":["SpiritShield","Brilliance"],"picked":"Establishment","floor":33},{"not_picked":["JustLucky","ThirdEye","FearNoEvil"],"picked":"SKIP","floor":35},{"not_picked":["CrushJoints+1","LikeWater+1","Consecrate+1"],"picked":"SKIP","floor":38},{"not_picked":["BowlingBash+1","FollowUp","TalkToTheHand"],"picked":"SKIP","floor":39},{"not_picked":["EmptyFist+1","Conclude","Indignation"],"picked":"SKIP","floor":40},{"not_picked":["SashWhip+1","CrushJoints"],"picked":"MentalFortress","floor":42},{"not_picked":["Swivel","Evaluate+1","InnerPeace"],"picked":"SKIP","floor":47},{"not_picked":["SandsOfTime","Crescendo","Nirvana"],"picked":"SKIP","floor":48}],"player_experience":375359,"relics_obtained":[{"floor":7,"key":"Sundial"},{"floor":9,"key":"Bag of Marbles"},{"floor":10,"key":"Pen Nib"},{"floor":12,"key":"Eternal Feather"},{"floor":25,"key":"Lantern"},{"floor":26,"key":"Kunai"},{"floor":36,"key":"Mango"},{"floor":40,"key":"Strawberry"},{"floor":43,"key":"Smiling Mask"}],"event_choices":[{"damage_healed":0,"gold_gain":0,"player_choice":"0 cards matched","damage_taken":0,"max_hp_gain":0,"max_hp_loss":0,"event_name":"Match and Keep!","floor":4,"gold_loss":0,"cards_obtained":[]},{"damage_healed":0,"gold_gain":0,"player_choice":"Inject Mutagens","damage_taken":0,"relics_obtained":["MutagenicStrength"],"max_hp_gain":0,"max_hp_loss":0,"event_name":"Drug Dealer","floor":19,"gold_loss":0},{"damage_healed":0,"gold_gain":0,"player_choice":"Simplicity","damage_taken":0,"max_hp_gain":0,"max_hp_loss":0,"event_name":"Back to Basics","floor":20,"gold_loss":0,"cards_upgraded":["Strike_P","Strike_P","Strike_P","Defend_P","Defend_P","Defend_P","Defend_P"]},{"damage_healed":0,"gold_gain":0,"player_choice":"Shed Blood","damage_taken":18,"max_hp_gain":5,"max_hp_loss":0,"event_name":"Forgotten Altar","floor":21,"gold_loss":0},{"cards_removed":["Impatience"],"damage_healed":0,"gold_gain":0,"player_choice":"Gave Gold","damage_taken":0,"max_hp_gain":0,"max_hp_loss":0,"event_name":"Beggar","floor":22,"gold_loss":75},{"damage_healed":0,"gold_gain":0,"player_choice":"Fight","damage_taken":0,"max_hp_gain":0,"max_hp_loss":0,"event_name":"MindBloom","floor":36,"gold_loss":0},{"damage_healed":0,"gold_gain":0,"player_choice":"Memory 1","damage_taken":0,"max_hp_gain":0,"max_hp_loss":0,"event_name":"SensoryStone","floor":37,"gold_loss":0},{"damage_healed":0,"gold_gain":0,"player_choice":"Ignored","damage_taken":0,"max_hp_gain":0,"max_hp_loss":0,"event_name":"Mysterious Sphere","floor":45,"gold_loss":0}],"is_beta":false,"boss_relics":[{"not_picked":["Snecko Eye","Velvet Choker"],"picked":"Philosopher\u0027s Stone"},{"not_picked":["Pandora\u0027s Box","Fusion Hammer"],"picked":"HolyWater"}],"items_purged_floors":[2,44],"is_endless":false,"potions_floor_spawned":[3,7,13,14,25,28,31,36,39,40],"ascension_level":10}