{"gold_per_floor":[113,124,124,140,152,152,182,107,107,107,136,164,164,184,184,261,261,273,289,314,334,334,334,334,334,334,334,334],"floor_reached":28,"playtime":1578,"items_purged":["Defend_P"],"score":602,"play_id":"9eecc09d-1766-44cf-9800-0d882f9f46f7","local_time":"20230914191154","is_ascension_mode":true,"campfire_choices":[{"data":"Ragnarok","floor":6.0,"key":"SMITH"},{"data":"Eruption","floor":10,"key":"SMITH"},{"data":"ThirdEye","floor":15,"key":"SMITH"},{"data":"Vigilance","floor":23,"key":"SMITH"},{"data":"WheelKick","floor":25,"key":"SMITH"},{"data":"ThirdEye","floor":27,"key":"SMITH"}],"neow_cost":"TEN_PERCENT_HP_LOSS","seed_source_timestamp":87259274429100,"circlet_count":0,"master_deck":["AscendersBane","Strike_P","Strike_P+1","Strike_P","Strike_P","Defend_P","Defend_P","Defend_P","Eruption+1","Vigilance+1","Ragnarok+1","WreathOfFlame+1","CutThroughFate","ThirdEye+1","WheelKick+1","DeceiveReality","LessonLearned","ThirdEye+1","MentalFortress","Indignation+1","Writhe"],"special_seed":0,"relics":["PureWater","FossilizedHelix","StoneCalendar","Odd Mushroom","Ginger","Cursed Key","Red Mask","Gremlin Horn"],"potions_floor_usage":[14,21],"damage_taken":[{"damage":0.0,"enemies":"2 Louse","floor":1.0,"turns":2.0},{"damage":10.0,"enemies":"Small Slimes","floor":2.0,"turns":4.0},{"damage":0.0,"enemies":"Cultist","floor":4.0,"turns":2.0},{"damage":3.0,"enemies":"Blue Slaver","floor":5.0,"turns":4.0},{"damage":40,"enemies":"Lagavulin","floor":7,"turns":5},{"damage":6,"enemies":"The Mushroom Lair","floor":11,"turns":2},{"damage":0,"enemies":"Gremlin Nob","floor":12,"turns":3},{"damage":0,"enemies":"3 Louse","floor":14,"turns":2},{"damage":0,"enemies":"Slime Boss","floor":16,"turns":5},{"damage":0,"enemies":"Chosen","floor":18,"turns":5},{"damage":0,"enemies":"2 Thieves","floor":19,"turns":2},{"damage":31,"enemies":"Masked Bandits","floor":20,"turns":4},{"damage":0,"enemies":"Cultist and Chosen","floor":21,"turns":5},{"damage":26,"enemies":"Book of Stabbing","floor":28,"turns":5}],"seed_played":"-2956451915295396539","potions_obtained":[{"floor":7,"key":"StancePotion"},{"floor":12,"key":"Explosive Potion"},{"floor":21,"key":"EssenceOfSteel"}],"is_trial":false,"path_per_floor":["M","M","?","M","M","R","E","$","T","R","?","E","?","M","R","B",null,"M","M","?","M","?","R","T","R","T","R","E"],"character_chosen":"WATCHER","items_purchased":[],"campfire_rested":0,"item_purchase_floors":[],"current_hp_per_floor":[61,51,56,56,53,53,13,13,13,13,7,7,7,7,7,7,52,52,52,21,21,21,21,21,21,21,21,0],"gold":334,"neow_bonus":"THREE_RARE_CARDS","is_prod":false,"is_daily":false,"chose_seed":false,"campfire_upgraded":6,"win_rate":0,"timestamp":1694743914,"path_taken":["M","M","?","M","M","R","E","$","T","R","?","E","?","M","R","BOSS","M","?","?","M","?","R","?","R","T","R","E"],"build_version":"2022-12-18","purchased_purges":1,"victory":false,"max_hp_per_floor":[62,62,67,67,67,67,67,67,67,67,67,67,67,67,67,67,67,67,67,67,67,67,67,67,67,67,67,67],"card_choices":[{"not_picked":["Devotion","MasterReality"],"picked":"Ragnarok","floor":0.0},{"not_picked":["ClearTheMind","EmptyFist"],"picked":"WreathOfFlame","floor":1.0},{"not_picked":["SashWhip","Consecrate"],"picked":"CutThroughFate","floor":2.0},{"not_picked":["CutThroughFate","SashWhip","EmptyFist"],"picked":"SKIP","floor":4.0},{"not_picked":["SashWhip","PathToVictory"],"picked":"ThirdEye","floor":5.0},{"not_picked":["Prostrate","WaveOfTheHand"],"picked":"WheelKick","floor":7},{"not_picked":["Prostrate","Evaluate"],"picked":"DeceiveReality","floor":11},{"not_picked":["FlyingSleeves","ConjureBlade","LikeWater"],"picked":"SKIP","floor":12},{"not_picked":["WheelKick","FlyingSleeves","SashWhip"],"picked":"SKIP","floor":14},{"not_picked":["DevaForm","Establishment"],"picked":"LessonLearned","floor":16},{"not_picked":["LikeWater","Evaluate"],"picked":"ThirdEye","floor":18},{"not_picked":["ReachHeaven","CrushJoints"],"picked":"MentalFortress","floor":19},{"not_picked":["SashWhip","Prostrate"],"picked":"Indignation+1","floor":21}],"player_experience":592347,"relics_obtained":[{"floor":7,"key":"FossilizedHelix"},{"floor":9,"key":"StoneCalendar"},{"floor":11,"key":"Odd Mushroom"},{"floor":12,"key":"Ginger"},{"floor":20,"key":"Red Mask"},{"floor":24,"key":"Gremlin Horn"}],"event_choices":[{"damage_healed":0.0,"max_hp_gain":5.0,"max_hp_loss":0.0,"gold_gain":0.0,"event_name":"Big Fish","player_choice":"Donut","floor":3.0,"gold_loss":0.0,"damage_taken":0.0},{"damage_healed":0,"gold_gain":0,"player_choice":"Fought Mushrooms","damage_taken":0,"max_hp_gain":0,"max_hp_loss":0,"event_name":"Mushrooms","floor":11,"gold_loss":0},{"damage_healed":0,"gold_gain":0,"player_choice":"Upgraded","damage_taken":0,"max_hp_gain":0,"max_hp_loss":0,"event_name":"Upgrade Shrine","floor":13,"gold_loss":0,"cards_upgraded":["WreathOfFlame"]},{"damage_healed":0,"gold_gain":0,"player_choice":"Fought Bandits","damage_taken":0,"max_hp_gain":0,"max_hp_loss":0,"event_name":"Masked Bandits","floor":20,"gold_loss":0},{"damage_healed":0,"gold_gain":0,"player_choice":"Ignored","damage_taken":0,"max_hp_gain":0,"max_hp_loss":0,"event_name":"Cursed Tome","floor":22,"gold_loss":0}],"is_beta":false,"boss_relics":[{"not_picked":["Busted Crown","Empty Cage"],"picked":"Cursed Key"}],"items_purged_floors":[8],"is_endless":false,"potions_floor_spawned":[7,12,21],"killed_by":"Book of Stabbing","ascension_level":20}