{"gold_per_floor":[366,336,15,28,43,75,75,101,101,135,135,155,80,37,37,109,109,121,121,121,132,132,132,132,152,177,194,94,94,94,94,94,166,166,181,195,195,213,53,53,73,73,119,119,133,167,167,167,167,167],"floor_reached":50,"playtime":1998,"items_purged":["Defend_P","Defend_P"],"score":1172,"play_id":"281da167-e80a-48d2-9cb2-e54ea2ec9d0f","local_time":"20230915002058","is_ascension_mode":true,"campfire_choices":[{"data":"Eruption","floor":7.0,"key":"SMITH"},{"data":"Blasphemy","floor":11.0,"key":"SMITH"},{"data":"Adaptation","floor":15.0,"key":"SMITH"},{"data":"SandsOfTime","floor":24.0,"key":"SMITH"},{"data":"TalkToTheHand","floor":30.0,"key":"SMITH"},{"data":"MentalFortress","floor":32.0,"key":"SMITH"},{"floor":40.0,"key":"REST"},{"floor":44.0,"key":"DIG"},{"floor":49,"key":"DIG"}],"neow_cost":"PERCENT_DAMAGE","seed_source_timestamp":105438988545900,"circlet_count":0,"master_deck":["AscendersBane","Strike_P+1","Strike_P+1","Strike_P+1","Defend_P+1","Defend_P+1","Eruption+1","Vigilance+1","EmptyFist+1","Wallop+1","Adaptation+1","MentalFortress+1","SandsOfTime+1","TalkToTheHand+1","Blasphemy+1","Fasting2+1","DeusExMachina+1","BowlingBash+1","Ghostly+1","Ghostly+1","Ghostly+1","ClearTheMind+1","FearNoEvil+1","Vault+1","ReachHeaven+1","Eruption+1","Indignation+1","Tantrum+1","Vault+1","MentalFortress+1"],"special_seed":0,"relics":["PureWater","ClockworkSouvenir","Blue Candle","CaptainsWheel","Shovel","Centennial Puzzle","VioletLotus","Bag of Preparation","Fusion Hammer","Mark of the Bloom","Lantern","Mummified Hand","Vajra","Sundial"],"potions_floor_usage":[],"damage_taken":[{"damage":0.0,"enemies":"Jaw Worm","floor":1.0,"turns":4.0},{"damage":2.0,"enemies":"Cultist","floor":4.0,"turns":4.0},{"damage":0.0,"enemies":"2 Louse","floor":5.0,"turns":3.0},{"damage":5.0,"enemies":"Gremlin Nob","floor":6.0,"turns":3.0},{"damage":4.0,"enemies":"Lagavulin","floor":8.0,"turns":6.0},{"damage":0.0,"enemies":"Gremlin Nob","floor":10.0,"turns":4.0},{"damage":1.0,"enemies":"Looter","floor":12.0,"turns":2.0},{"damage":11.0,"enemies":"Hexaghost","floor":16.0,"turns":8.0},{"damage":17.0,"enemies":"3 Byrds","floor":18.0,"turns":6.0},{"damage":3.0,"enemies":"Spheric Guardian","floor":21.0,"turns":4.0},{"damage":0.0,"enemies":"Snecko","floor":25.0,"turns":5.0},{"damage":5.0,"enemies":"Sentry and Sphere","floor":27.0,"turns":5.0},{"damage":0.0,"enemies":"Collector","floor":33.0,"turns":9.0},{"damage":19.0,"enemies":"3 Darklings","floor":35.0,"turns":7.0},{"damage":3.0,"enemies":"3 Shapes","floor":36.0,"turns":6.0},{"damage":0.0,"enemies":"Maw","floor":38.0,"turns":6.0},{"damage":1.0,"enemies":"4 Shapes","floor":41.0,"turns":6.0},{"damage":0.0,"enemies":"Writhing Mass","floor":45.0,"turns":5.0},{"damage":0,"enemies":"Nemesis","floor":46,"turns":4},{"damage":42,"enemies":"Awakened One","floor":50,"turns":1}],"seed_played":"1050720452797546651","potions_obtained":[{"floor":2.0,"key":"DistilledChaos"},{"floor":2.0,"key":"Energy Potion"},{"floor":6.0,"key":"Explosive Potion"},{"floor":12.0,"key":"CultistPotion"},{"floor":33.0,"key":"SkillPotion"},{"floor":36.0,"key":"BottledMiracle"},{"floor":41.0,"key":"Regen Potion"}],"is_trial":false,"path_per_floor":["M","?","$","M","M","E","R","E","T","E","R","M","?","$","R","B",null,"M","?","?","M","?","$","R","M","T","M","$","?","R","?","R","B",null,"M","M","?","M","$","R","M","?","T","R","M","E","?","?","R","B"],"character_chosen":"WATCHER","items_purchased":["Wallop","ClockworkSouvenir","Fasting2","Tantrum","Vault"],"campfire_rested":1,"item_purchase_floors":[3,3,14,39,39],"current_hp_per_floor":[43,43,43,41,41,36,36,32,32,32,32,31,31,31,31,20,56,39,39,34,31,31,31,31,31,31,26,26,26,26,26,26,26,32,13,10,10,10,10,20,19,19,19,19,19,19,19,19,19,0],"gold":167,"neow_bonus":"TWO_FIFTY_GOLD","is_prod":false,"is_daily":false,"chose_seed":false,"campfire_upgraded":6,"win_rate":0,"timestamp":1694762458,"path_taken":["M","?","$","?","M","E","R","E","T","E","R","M","?","$","R","BOSS","M","?","?","M","?","$","R","M","T","M","$","?","R","?","R","BOSS","M","M","?","?","$","R","M","?","T","R","M","E","?","?","R","BOSS"],"build_version":"2022-12-18","purchased_purges":2,"victory":false,"max_hp_per_floor":[68,68,68,68,68,68,68,68,68,68,68,68,68,68,68,68,68,68,68,34,34,34,34,34,34,34,34,34,34,34,34,34,34,34,34,34,34,34,34,34,34,34,34,34,34,34,34,34,34,34],"card_choices":[{"not_picked":["Protect","Prostrate"],"picked":"EmptyFist","floor":1.0},{"not_picked":["WaveOfTheHand","DeceiveReality"],"picked":"Adaptation","floor":4.0},{"not_picked":["FlyingSleeves","Protect"],"picked":"MentalFortress","floor":5.0},{"not_picked":["Prostrate","Consecrate"],"picked":"SandsOfTime","floor":6.0},{"not_picked":["Wallop","FollowUp"],"picked":"TalkToTheHand","floor":8.0},{"not_picked":["CutThroughFate","EmptyBody"],"picked":"Blasphemy","floor":10.0},{"not_picked":["BattleHymn","EmptyBody","FollowUp"],"picked":"SKIP","floor":12.0},{"not_picked":["MasterReality","Wish"],"picked":"DeusExMachina","floor":16.0},{"not_picked":["ThirdEye","PathToVictory+1"],"picked":"BowlingBash","floor":18.0},{"not_picked":["JustLucky","BowlingBash","Alpha"],"picked":"SKIP","floor":21.0},{"not_picked":["Nirvana","Prostrate+1","Halt"],"picked":"SKIP","floor":25.0},{"not_picked":["EmptyFist","EmptyMind"],"picked":"ClearTheMind+1","floor":27.0},{"not_picked":["Alpha","ConjureBlade"],"picked":"Vault","floor":33.0},{"not_picked":["ThirdEye","PathToVictory","EmptyBody"],"picked":"SKIP","floor":35.0},{"not_picked":["Protect","BattleHymn"],"picked":"ReachHeaven+1","floor":36.0},{"not_picked":["CutThroughFate","SignatureMove"],"picked":"Indignation","floor":38.0},{"not_picked":["Conclude","Crescendo+1"],"picked":"MentalFortress+1","floor":41.0},{"not_picked":["FlyingSleeves+1","SignatureMove","Evaluate"],"picked":"SKIP","floor":45.0},{"not_picked":["FlurryOfBlows","SandsOfTime+1","Protect"],"picked":"SKIP","floor":46}],"player_experience":610012,"relics_obtained":[{"floor":6.0,"key":"Blue Candle"},{"floor":8.0,"key":"CaptainsWheel"},{"floor":9.0,"key":"Shovel"},{"floor":10.0,"key":"Centennial Puzzle"},{"floor":26.0,"key":"Bag of Preparation"},{"floor":43.0,"key":"Lantern"},{"floor":44.0,"key":"Mummified Hand"},{"floor":46,"key":"Vajra"},{"floor":49,"key":"Sundial"}],"event_choices":[{"damage_healed":0.0,"max_hp_gain":0.0,"max_hp_loss":0.0,"gold_gain":0.0,"event_name":"The Woman in Blue","player_choice":"Bought 2 Potions","floor":2.0,"gold_loss":0.0,"damage_taken":0.0},{"cards_removed":["Strike_P"],"damage_healed":0.0,"max_hp_gain":0.0,"max_hp_loss":0.0,"gold_gain":0.0,"event_name":"The Cleric","player_choice":"Card Removal","floor":13.0,"gold_loss":75.0,"damage_taken":0.0},{"damage_healed":0.0,"max_hp_gain":0.0,"max_hp_loss":0.0,"gold_gain":0.0,"event_name":"Vampires","player_choice":"Ignored","floor":19.0,"gold_loss":0.0,"damage_taken":0.0},{"damage_healed":0.0,"max_hp_gain":0.0,"max_hp_loss":34.0,"gold_gain":0.0,"event_name":"Ghosts","player_choice":"Became a Ghost","floor":20.0,"gold_loss":0.0,"damage_taken":0.0,"cards_obtained":["Ghostly","Ghostly","Ghostly"]},{"damage_healed":0.0,"max_hp_gain":0.0,"max_hp_loss":0.0,"gold_gain":0.0,"event_name":"The Mausoleum","player_choice":"Ignored","floor":22.0,"gold_loss":0.0,"damage_taken":0.0},{"damage_healed":0.0,"max_hp_gain":0.0,"max_hp_loss":0.0,"gold_gain":0.0,"event_name":"The Library","player_choice":"Read","floor":29.0,"gold_loss":0.0,"damage_taken":0.0,"cards_obtained":["FearNoEvil"]},{"damage_healed":0.0,"max_hp_gain":0.0,"max_hp_loss":0.0,"gold_gain":0.0,"event_name":"Cursed Tome","player_choice":"Ignored","floor":31.0,"gold_loss":0.0,"damage_taken":0.0},{"damage_healed":0.0,"max_hp_gain":0.0,"max_hp_loss":0.0,"gold_gain":0.0,"event_name":"Duplicator","player_choice":"Copied","floor":37.0,"gold_loss":0.0,"damage_taken":0.0,"cards_obtained":["Eruption"]},{"damage_healed":0.0,"max_hp_gain":0.0,"max_hp_loss":0.0,"gold_gain":0.0,"event_name":"MindBloom","player_choice":"Upgrade","floor":42.0,"gold_loss":0.0,"damage_taken":0.0,"cards_upgraded":["Strike_P","Strike_P","Strike_P","Defend_P","Defend_P","Vigilance","EmptyFist","Wallop","Fasting2","DeusExMachina","BowlingBash","Ghostly","Ghostly","Ghostly","FearNoEvil","Vault","Indignation","Tantrum","Vault"],"relics_obtained":["Mark of the Bloom"]},{"damage_healed":0,"gold_gain":0,"player_choice":"Memory 1","damage_taken":0,"max_hp_gain":0,"max_hp_loss":0,"event_name":"SensoryStone","floor":47,"gold_loss":0},{"damage_healed":0,"gold_gain":0,"player_choice":"Ignored","damage_taken":0,"max_hp_gain":0,"max_hp_loss":0,"event_name":"SecretPortal","floor":48,"gold_loss":0}],"is_beta":false,"boss_relics":[{"not_picked":["SlaversCollar","Pandora\u0027s Box"],"picked":"VioletLotus"},{"not_picked":["Tiny House","Black Star"],"picked":"Fusion Hammer"}],"items_purged_floors":[3,28],"is_endless":false,"potions_floor_spawned":[4,6,12,16,21,27,33,36,41],"killed_by":"Awakened One","ascension_level":20}