{"gold_per_floor":[112,122,140,140,140,168,168,0,24,24,39,72,86,102,102,202,202,219,579,593,613,629,657,657,673,673,160,193,193,222,248,248,346,346,357,405,154,234,234,295,295,355,355,369,369,143,177,177,177,207,207,207,33,64,64],"floor_reached":56,"playtime":2198,"items_purged":["Defend_P","Strike_P","Strike_P","Defend_P"],"score":1689,"play_id":"d0d2ad3b-9f66-4f0e-9c30-c1c61def6be2","local_time":"20230918003828","is_ascension_mode":true,"campfire_choices":[{"data":"ForeignInfluence","floor":7,"key":"SMITH"},{"data":"EmptyFist","floor":10,"key":"SMITH"},{"data":"Adaptation","floor":15,"key":"SMITH"},{"data":"Blasphemy","floor":24,"key":"SMITH"},{"data":"Apotheosis","floor":29,"key":"SMITH"},{"floor":32,"key":"RECALL"},{"data":"Trip","floor":41,"key":"SMITH"},{"data":"Wish","floor":45,"key":"SMITH"},{"data":"Vigilance","floor":49,"key":"SMITH"},{"data":"Vault","floor":52,"key":"SMITH"}],"neow_cost":"PERCENT_DAMAGE","seed_source_timestamp":75970091918600,"circlet_count":0,"master_deck":["Strike_P","Strike_P","Defend_P+1","Defend_P","Eruption+1","Vigilance+1","ForeignInfluence+1","BowlingBash","CarveReality","MentalFortress","Adaptation+1","EmptyFist+1","Sanctity","Vault+1","Prostrate","Pray+1","Blasphemy+1","Indignation+1","Apotheosis+1","Prostrate+1","WindmillStrike","Devotion","Prostrate","SandsOfTime","Wish+1","Sanctity+1","Prostrate","Vault","SignatureMove","Trip+1","WheelKick+1","BattleHymn","Meditate+1","Wallop","Fasting2"],"relics":["PureWater","Mango","Bag of Marbles","Damaru","Lantern","Black Star","Yang","Pear","HornCleat","Blood Vial","Bottled Lightning","Red Mask","Potion Belt","Bottled Tornado","Runic Dome","Gambling Chip","War Paint","Pen Nib","Pocketwatch","Juzu Bracelet","Thread and Needle","Eternal Feather","Art of War"],"potions_floor_usage":[21,23,23,30,55,55,55,55,55],"damage_taken":[{"damage":0,"enemies":"Small Slimes","floor":1,"turns":5},{"damage":0,"enemies":"2 Louse","floor":2,"turns":1},{"damage":0,"enemies":"Cultist","floor":3,"turns":2},{"damage":0,"enemies":"Gremlin Nob","floor":6,"turns":2},{"damage":0,"enemies":"3 Louse","floor":11,"turns":2},{"damage":0,"enemies":"3 Sentries","floor":12,"turns":3},{"damage":5,"enemies":"Lots of Slimes","floor":13,"turns":3},{"damage":0,"enemies":"Exordium Wildlife","floor":14,"turns":1},{"damage":0,"enemies":"Slime Boss","floor":16,"turns":5},{"damage":0,"enemies":"3 Byrds","floor":18,"turns":4},{"damage":1,"enemies":"Shell Parasite","floor":20,"turns":3},{"damage":0,"enemies":"Centurion and Healer","floor":21,"turns":6},{"damage":6,"enemies":"3 Cultists","floor":22,"turns":4},{"damage":18,"enemies":"Slavers","floor":23,"turns":4},{"damage":0,"enemies":"Cultist and Chosen","floor":25,"turns":4},{"damage":0,"enemies":"Gremlin Leader","floor":28,"turns":3},{"damage":6,"enemies":"Masked Bandits","floor":30,"turns":5},{"damage":10,"enemies":"Slavers","floor":31,"turns":4},{"damage":0,"enemies":"Automaton","floor":33,"turns":5},{"damage":3,"enemies":"3 Shapes","floor":35,"turns":2},{"damage":12,"enemies":"Orb Walker","floor":36,"turns":4},{"damage":0,"enemies":"Mind Bloom Boss Battle","floor":38,"turns":5},{"damage":0,"enemies":"Giant Head","floor":40,"turns":6},{"damage":0,"enemies":"Reptomancer","floor":42,"turns":4},{"damage":0,"enemies":"Writhing Mass","floor":44,"turns":3},{"damage":12,"enemies":"Nemesis","floor":47,"turns":4},{"damage":21,"enemies":"Awakened One","floor":50,"turns":8},{"damage":2,"enemies":"Shield and Spear","floor":54,"turns":4},{"damage":4,"enemies":"The Heart","floor":55,"turns":7}],"seed_played":"-8393603554720597171","potions_obtained":[{"floor":3,"key":"Regen Potion"},{"floor":6,"key":"Fire Potion"},{"floor":12,"key":"LiquidMemories"},{"floor":22,"key":"Fire Potion"},{"floor":28,"key":"Regen Potion"},{"floor":30,"key":"LiquidBronze"},{"floor":31,"key":"Swift Potion"},{"floor":35,"key":"DuplicationPotion"},{"floor":38,"key":"SkillPotion"}],"is_trial":false,"path_per_floor":["M","M","M","?","?","E","R","$","T","R","M","E","M","M","R","B",null,"M","?","M","M","M","E","R","M","T","$","E","R","?","E","R","B",null,"M","M","$","?","?","E","R","E","T","M","R","$","E","?","R","B",null,"R","$","E","B",null],"character_chosen":"WATCHER","items_purchased":["Adaptation","EmptyFist","Apotheosis","Prostrate","FairyPotion","WindmillStrike","Prostrate","Vault","BattleHymn","Wallop","EntropicBrew"],"campfire_rested":0,"item_purchase_floors":[8,8,27,27,27,27,37,37,46,53,53],"current_hp_per_floor":[65,65,65,65,65,65,65,65,65,65,65,65,60,60,60,60,86,86,50,49,64,58,50,50,50,50,50,50,50,60,52,52,54,96,93,83,83,85,85,87,87,89,89,91,91,91,81,81,81,62,96,96,96,94,92],"gold":64,"neow_bonus":"ONE_RARE_RELIC","is_prod":false,"is_daily":false,"chose_seed":false,"campfire_upgraded":9,"win_rate":0,"timestamp":1695022708,"path_taken":["M","M","M","?","?","E","R","$","T","R","M","E","?","M","R","BOSS","M","?","?","M","M","E","R","M","T","$","E","R","?","E","R","BOSS","M","M","$","?","?","E","R","E","T","?","R","$","E","?","R","BOSS","R","$","E","BOSS"],"build_version":"2022-12-18","purchased_purges":4,"victory":true,"max_hp_per_floor":[86,86,86,86,86,86,86,86,86,86,86,86,86,86,86,86,86,86,86,86,86,86,96,96,96,96,96,96,96,96,96,96,96,96,96,96,96,96,96,96,96,96,96,96,96,96,96,96,96,96,96,96,96,96,96],"card_choices":[{"not_picked":["ClearTheMind","LikeWater"],"picked":"ForeignInfluence","floor":1},{"not_picked":["Swivel","Study"],"picked":"BowlingBash","floor":2},{"not_picked":["Prostrate","FlurryOfBlows"],"picked":"CarveReality","floor":3},{"not_picked":["DeceiveReality","BowlingBash"],"picked":"MentalFortress","floor":6},{"not_picked":["CrushJoints","WaveOfTheHand"],"picked":"Sanctity","floor":11},{"not_picked":["Vengeance","PathToVictory"],"picked":"CutThroughFate","floor":12},{"not_picked":["SashWhip","CrushJoints","EmptyBody"],"picked":"SKIP","floor":13},{"not_picked":["Protect","ForeignInfluence","PathToVictory"],"picked":"SKIP","floor":14},{"not_picked":["Brilliance","SpiritShield"],"picked":"Vault","floor":16},{"not_picked":["BattleHymn+1","Vengeance"],"picked":"Prostrate","floor":18},{"not_picked":["EmptyFist","CarveReality"],"picked":"Pray+1","floor":20},{"not_picked":["EmptyFist","BowlingBash","ThirdEye"],"picked":"SKIP","floor":21},{"not_picked":["FollowUp","Vengeance+1"],"picked":"Blasphemy","floor":22},{"not_picked":["EmptyFist+1","Wireheading"],"picked":"Indignation+1","floor":23},{"not_picked":["Consecrate","FollowUp","EmptyBody"],"picked":"SKIP","floor":25},{"not_picked":["BowlingBash","Adaptation"],"picked":"Devotion","floor":28},{"not_picked":["JustLucky","PathToVictory"],"picked":"Prostrate","floor":30},{"not_picked":["Consecrate","WaveOfTheHand"],"picked":"SandsOfTime","floor":31},{"not_picked":["LessonLearned","MasterReality"],"picked":"Wish","floor":33},{"not_picked":["Vengeance+1","Adaptation+1"],"picked":"Sanctity+1","floor":35},{"not_picked":["FlurryOfBlows","BowlingBash","JustLucky"],"picked":"SKIP","floor":36},{"not_picked":["CutThroughFate","BattleHymn"],"picked":"SignatureMove","floor":38},{"not_picked":["Sadistic Nature","Bandage Up"],"picked":"Trip","floor":39},{"not_picked":["Consecrate","Study"],"picked":"WheelKick+1","floor":40},{"not_picked":["SashWhip+1","Alpha","Indignation+1"],"picked":"SKIP","floor":42},{"not_picked":["Indignation","Halt","CutThroughFate+1"],"picked":"SKIP","floor":44},{"not_picked":["MentalFortress","WheelKick+1"],"picked":"Meditate+1","floor":47},{"not_picked":["WaveOfTheHand+1","Protect"],"picked":"Fasting2","floor":54}],"player_experience":630944,"relics_obtained":[{"floor":6,"key":"Bag of Marbles"},{"floor":9,"key":"Damaru"},{"floor":12,"key":"Lantern"},{"floor":23,"key":"Yang"},{"floor":23,"key":"Pear"},{"floor":26,"key":"HornCleat"},{"floor":28,"key":"Blood Vial"},{"floor":28,"key":"Bottled Lightning"},{"floor":30,"key":"Red Mask"},{"floor":31,"key":"Potion Belt"},{"floor":31,"key":"Bottled Tornado"},{"floor":38,"key":"Gambling Chip"},{"floor":40,"key":"War Paint"},{"floor":40,"key":"Pen Nib"},{"floor":42,"key":"Pocketwatch"},{"floor":47,"key":"Juzu Bracelet"},{"floor":47,"key":"Thread and Needle"},{"floor":54,"key":"Eternal Feather"},{"floor":54,"key":"Art of War"}],"event_choices":[{"damage_healed":0,"gold_gain":0,"player_choice":"Ignored","damage_taken":0,"max_hp_gain":0,"max_hp_loss":0,"event_name":"Liars Game","floor":4,"gold_loss":0},{"damage_healed":0,"gold_gain":0,"player_choice":"Forge","damage_taken":0,"max_hp_gain":0,"max_hp_loss":0,"event_name":"Accursed Blacksmith","floor":5,"gold_loss":0,"cards_upgraded":["Eruption"]},{"damage_healed":0,"gold_gain":360,"player_choice":"GOLD GOLD GOLD GOLD ","damage_taken":36,"max_hp_gain":0,"max_hp_loss":0,"event_name":"Knowing Skull","floor":19,"potions_obtained":[],"gold_loss":0,"cards_obtained":[]},{"damage_healed":0,"gold_gain":0,"player_choice":"Fought Bandits","damage_taken":0,"max_hp_gain":0,"max_hp_loss":0,"event_name":"Masked Bandits","floor":30,"gold_loss":0},{"damage_healed":0,"gold_gain":0,"player_choice":"Fight","damage_taken":0,"max_hp_gain":0,"max_hp_loss":0,"event_name":"MindBloom","floor":38,"gold_loss":0},{"damage_healed":0,"gold_gain":0,"player_choice":"Memory 1","damage_taken":0,"max_hp_gain":0,"max_hp_loss":0,"event_name":"SensoryStone","floor":39,"gold_loss":0},{"cards_removed":["CutThroughFate"],"damage_healed":0,"gold_gain":0,"player_choice":"Removed Attack","damage_taken":0,"max_hp_gain":0,"max_hp_loss":0,"event_name":"Falling","floor":48,"gold_loss":0}],"is_beta":false,"boss_relics":[{"not_picked":["Velvet Choker","Sozu"],"picked":"Black Star"},{"not_picked":["Tiny House","Calling Bell"],"picked":"Runic Dome"}],"items_purged_floors":[8,27,37,46],"is_endless":false,"potions_floor_spawned":[3,6,12,20,22,28,30,31,35,38,44],"ascension_level":1}