{"gold_per_floor":[12,29,29,4,18,18,51,51,51,51,71,92,107,141,141,271,271,290,290,309,82,123,123,138,169,169,213,227,227,251,266,266,390,390,409,409,430,443,459,498,498,523,523,575,594,617,386,401,401,401,401,401,80,125,125],"floor_reached":56,"playtime":2828,"items_purged":["Strike_P+1","Strike_P+1"],"score":1414,"play_id":"0b36423c-4175-47bd-b997-c78e4abe5a14","local_time":"20230918215320","is_ascension_mode":true,"campfire_choices":[{"data":"Eruption","floor":6,"key":"SMITH"},{"data":"SandsOfTime","floor":10,"key":"SMITH"},{"data":"Prostrate","floor":15,"key":"SMITH"},{"data":"Devotion","floor":23,"key":"SMITH"},{"data":"BowlingBash","floor":29,"key":"SMITH"},{"data":"CarveReality","floor":32,"key":"SMITH"},{"data":"CutThroughFate","floor":41,"key":"SMITH"},{"floor":49,"key":"RECALL"},{"data":"Vigilance","floor":52,"key":"SMITH"}],"neow_cost":"NO_GOLD","seed_source_timestamp":151831822165500,"circlet_count":0,"master_deck":["Strike_P+1","Strike_P+1","Strike_P+1","Defend_P+1","Defend_P+1","Defend_P+1","Eruption+1","Vigilance+1","SandsOfTime+1","Prostrate+1","BowlingBash+1","ThirdEye+1","ThirdEye+1","EmptyBody+1","Prostrate+1","ThirdEye+1","Devotion+1","CurseOfTheBell","Nirvana+1","WaveOfTheHand+1","CarveReality+1","Meditate+1","ThirdEye+1","Prostrate+1","ForeignInfluence+1","TalkToTheHand+1","CrushJoints+1","Omniscience+1","WindmillStrike+1","Meditate+1","CutThroughFate+1","CutThroughFate+1","Nirvana+1","Brilliance","MentalFortress+1","Nirvana+1"],"relics":["PureWater","Thread and Needle","Golden Idol","Toxic Egg 2","Blood Vial","Mercury Hourglass","Calling Bell","Damaru","Sundial","Turnip","Red Mask","MealTicket","Pantograph","Sozu","CeramicFish","Frozen Egg 2","Strawberry","Ornamental Fan","Orichalcum"],"potions_floor_usage":[7,25,55,55],"damage_taken":[{"damage":0,"enemies":"2 Louse","floor":1,"turns":2},{"damage":0,"enemies":"Cultist","floor":2,"turns":2},{"damage":0,"enemies":"Jaw Worm","floor":5,"turns":3},{"damage":16,"enemies":"Gremlin Nob","floor":7,"turns":3},{"damage":0,"enemies":"Looter","floor":11,"turns":2},{"damage":0,"enemies":"Exordium Thugs","floor":12,"turns":3},{"damage":0,"enemies":"Blue Slaver","floor":13,"turns":4},{"damage":8,"enemies":"Lagavulin","floor":14,"turns":7},{"damage":34,"enemies":"Slime Boss","floor":16,"turns":9},{"damage":1,"enemies":"Spheric Guardian","floor":18,"turns":4},{"damage":0,"enemies":"Shell Parasite","floor":20,"turns":5},{"damage":17,"enemies":"Masked Bandits","floor":22,"turns":4},{"damage":6,"enemies":"Sentry and Sphere","floor":24,"turns":4},{"damage":11,"enemies":"Slavers","floor":25,"turns":5},{"damage":0,"enemies":"Book of Stabbing","floor":27,"turns":3},{"damage":0,"enemies":"Snecko","floor":28,"turns":4},{"damage":0,"enemies":"Cultist and Chosen","floor":30,"turns":3},{"damage":0,"enemies":"3 Cultists","floor":31,"turns":3},{"damage":6,"enemies":"Collector","floor":33,"turns":5},{"damage":1,"enemies":"Orb Walker","floor":35,"turns":3},{"damage":11,"enemies":"3 Shapes","floor":37,"turns":4},{"damage":0,"enemies":"Jaw Worm Horde","floor":38,"turns":3},{"damage":0,"enemies":"Maw","floor":39,"turns":4},{"damage":11,"enemies":"Nemesis","floor":40,"turns":5},{"damage":3,"enemies":"4 Shapes","floor":42,"turns":3},{"damage":3,"enemies":"Reptomancer","floor":44,"turns":6},{"damage":0,"enemies":"Sphere and 2 Shapes","floor":45,"turns":4},{"damage":4,"enemies":"Transient","floor":46,"turns":5},{"damage":0,"enemies":"4 Shapes","floor":48,"turns":3},{"damage":14,"enemies":"Donu and Deca","floor":50,"turns":5},{"damage":20,"enemies":"Shield and Spear","floor":54,"turns":6},{"damage":36,"enemies":"The Heart","floor":55,"turns":9}],"seed_played":"-3523001814406753988","potions_obtained":[{"floor":1,"key":"BlessingOfTheForge"},{"floor":5,"key":"LiquidBronze"},{"floor":12,"key":"Ancient Potion"},{"floor":14,"key":"Ancient Potion"},{"floor":25,"key":"SteroidPotion"},{"floor":27,"key":"LiquidMemories"},{"floor":31,"key":"DuplicationPotion"}],"is_trial":false,"path_per_floor":["M","M","?","$","M","R","E","?","T","R","M","M","M","E","R","B",null,"M","?","M","$","?","R","M","E","T","E","M","R","M","M","R","B",null,"M","?","M","M","M","E","R","M","T","E","M","M","$","M","R","B",null,"R","$","E","B",null],"character_chosen":"WATCHER","items_purchased":["BowlingBash","WaveOfTheHand+1","CarveReality","Brilliance","Ornamental Fan","MentalFortress+1"],"campfire_rested":0,"item_purchase_floors":[4,21,21,47,53,53],"current_hp_per_floor":[72,72,54,54,54,54,38,38,38,38,40,42,44,38,38,6,72,71,71,72,72,55,55,51,42,42,44,46,46,48,50,50,66,72,71,71,61,63,65,56,56,55,55,61,63,61,76,78,78,65,79,79,79,59,43],"gold":125,"neow_bonus":"ONE_RARE_RELIC","is_prod":false,"is_daily":false,"chose_seed":false,"campfire_upgraded":8,"win_rate":0,"timestamp":1695099200,"path_taken":["M","M","?","$","M","R","E","?","T","R","M","?","M","E","R","BOSS","M","?","M","$","?","R","M","E","T","E","M","R","?","M","R","BOSS","M","?","M","M","M","E","R","M","T","E","M","M","$","M","R","BOSS","R","$","E","BOSS"],"build_version":"2022-12-18","purchased_purges":2,"victory":true,"max_hp_per_floor":[72,72,72,72,72,72,72,72,72,72,72,72,72,72,72,72,72,72,72,72,72,72,72,72,72,72,72,72,72,72,72,72,72,72,72,72,72,72,72,72,72,72,72,79,79,79,79,79,79,79,79,79,79,79,79],"card_choices":[{"not_picked":["DeceiveReality","InnerPeace"],"picked":"SandsOfTime","floor":1},{"not_picked":["Evaluate","Crescendo"],"picked":"Prostrate","floor":2},{"not_picked":["Evaluate","SashWhip","Consecrate"],"picked":"SKIP","floor":5},{"not_picked":["Vengeance+1","Alpha+1"],"picked":"ThirdEye+1","floor":7},{"not_picked":["Consecrate","CutThroughFate"],"picked":"ThirdEye+1","floor":11},{"not_picked":["Crescendo+1","Evaluate+1"],"picked":"EmptyBody+1","floor":12},{"not_picked":["Consecrate","EmptyBody+1"],"picked":"Prostrate+1","floor":13},{"not_picked":["BowlingBash","PathToVictory+1"],"picked":"ThirdEye+1","floor":14},{"not_picked":["Alpha+1","DeusExMachina+1"],"picked":"Devotion","floor":16},{"not_picked":["JustLucky","Consecrate"],"picked":"Nirvana+1","floor":18},{"not_picked":["DevaForm","JustLucky","FlyingSleeves+1"],"picked":"SKIP","floor":20},{"not_picked":["EmptyMind+1","Indignation+1"],"picked":"Meditate+1","floor":24},{"not_picked":["LessonLearned","EmptyFist+1"],"picked":"ThirdEye+1","floor":25},{"not_picked":["Halt+1","Consecrate"],"picked":"Prostrate+1","floor":27},{"not_picked":["ClearTheMind+1","Evaluate+1"],"picked":"ForeignInfluence+1","floor":28},{"not_picked":["Adaptation","SashWhip"],"picked":"TalkToTheHand+1","floor":30},{"not_picked":["ForeignInfluence+1","Study"],"picked":"CrushJoints+1","floor":31},{"not_picked":["Alpha+1","MasterReality"],"picked":"Omniscience+1","floor":33},{"not_picked":["Evaluate+1","JustLucky+1"],"picked":"WindmillStrike","floor":35},{"not_picked":["Study","Prostrate+1"],"picked":"Meditate+1","floor":37},{"not_picked":["Protect+1","Indignation+1"],"picked":"CutThroughFate","floor":38},{"not_picked":["Halt+1","ClearTheMind+1","EmptyFist+1"],"picked":"SKIP","floor":39},{"not_picked":["Judgement+1","FollowUp+1","FlurryOfBlows"],"picked":"SKIP","floor":40},{"not_picked":["ClearTheMind+1","Meditate+1"],"picked":"CutThroughFate+1","floor":42},{"not_picked":["EmptyFist+1","ThirdEye+1"],"picked":"Nirvana+1","floor":44},{"not_picked":["Protect+1","Halt+1","FollowUp"],"picked":"SKIP","floor":45},{"not_picked":["FollowUp","Prostrate+1","CutThroughFate"],"picked":"SKIP","floor":46},{"not_picked":["PathToVictory+1","EmptyFist+1","FollowUp+1"],"picked":"SKIP","floor":48},{"not_picked":["LessonLearned","Ragnarok"],"picked":"Nirvana+1","floor":54}],"player_experience":641261,"relics_obtained":[{"floor":7,"key":"Toxic Egg 2"},{"floor":9,"key":"Blood Vial"},{"floor":14,"key":"Mercury Hourglass"},{"floor":17,"key":"Damaru"},{"floor":17,"key":"Sundial"},{"floor":17,"key":"Turnip"},{"floor":22,"key":"Red Mask"},{"floor":25,"key":"MealTicket"},{"floor":27,"key":"Pantograph"},{"floor":40,"key":"CeramicFish"},{"floor":43,"key":"Frozen Egg 2"},{"floor":44,"key":"Strawberry"},{"floor":54,"key":"Orichalcum"}],"event_choices":[{"damage_healed":0,"gold_gain":0,"player_choice":"Take Damage","damage_taken":18,"relics_obtained":["Golden Idol"],"max_hp_gain":0,"max_hp_loss":0,"event_name":"Golden Idol","floor":3,"gold_loss":0},{"cards_removed":["Defend_P"],"damage_healed":0,"gold_gain":0,"player_choice":"Took Card","damage_taken":0,"max_hp_gain":0,"max_hp_loss":0,"event_name":"NoteForYourself","floor":8,"gold_loss":0,"cards_obtained":["Strike_P"]},{"damage_healed":0,"gold_gain":0,"player_choice":"Simplicity","damage_taken":0,"max_hp_gain":0,"max_hp_loss":0,"event_name":"Back to Basics","floor":19,"gold_loss":0,"cards_upgraded":["Strike_P","Strike_P","Strike_P","Strike_P","Defend_P","Defend_P","Defend_P","Strike_P"]},{"damage_healed":0,"gold_gain":0,"player_choice":"Fought Bandits","damage_taken":0,"max_hp_gain":0,"max_hp_loss":0,"event_name":"Masked Bandits","floor":22,"gold_loss":0},{"damage_healed":0,"gold_gain":0,"player_choice":"Forge","damage_taken":0,"max_hp_gain":0,"max_hp_loss":0,"event_name":"Accursed Blacksmith","floor":36,"gold_loss":0,"cards_upgraded":["WindmillStrike"]}],"is_beta":false,"boss_relics":[{"not_picked":["Runic Dome","Busted Crown"],"picked":"Calling Bell"},{"not_picked":["Astrolabe","Pandora\u0027s Box"],"picked":"Sozu"}],"items_purged_floors":[21,47],"is_endless":false,"potions_floor_spawned":[1,5,12,14,25,27,31,38,39,40,42,44,54],"ascension_level":2}