{"gold_per_floor":[110,185,199,209,65,65,99,116,163,192,192,203,55,69,69,168,168,186,101,101,115,40,68,68,99,99,127,170,482,494,526,538,651,663,690,135,135,148,1,1,33,48,71,19,28,47,63,93,93,93,93,93,93,132,132],"floor_reached":56,"playtime":2563,"items_purged":["Defend_P"],"score":1590,"play_id":"2b9c87d7-5622-450c-bc2b-be043773b748","local_time":"20230919133837","is_ascension_mode":true,"campfire_choices":[{"data":"Eruption","floor":6,"key":"SMITH"},{"data":"Tantrum","floor":11,"key":"SMITH"},{"data":"Vigilance","floor":15,"key":"SMITH"},{"data":"SandsOfTime","floor":24,"key":"SMITH"},{"data":"Wallop","floor":30,"key":"SMITH"},{"data":"J.A.X.","floor":32,"key":"SMITH"},{"data":"Adaptation","floor":40,"key":"SMITH"},{"floor":49,"key":"RECALL"},{"data":"MentalFortress","floor":52,"key":"SMITH"}],"neow_cost":"TEN_PERCENT_HP_LOSS","seed_source_timestamp":208823632129900,"circlet_count":0,"master_deck":["Strike_P","Strike_P","Strike_P","Strike_P","Defend_P","Defend_P","Eruption+1","Vigilance+1","Tantrum+1","CutThroughFate","FlurryOfBlows","InnerPeace","DeceiveReality","CutThroughFate","Meditate","Blasphemy","EmptyFist+1","J.A.X.+1","SandsOfTime+1","CrushJoints+1","Evaluate+1","Wallop+1","Scrawl","Adaptation+1","MentalFortress+1","CutThroughFate+1","Wallop+1","Tantrum+1","Wallop+1"],"relics":["PureWater","Gambling Chip","Vajra","Pantograph","Anchor","Bag of Preparation","Coffee Dripper","Juzu Bracelet","Unceasing Top","Ornamental Fan","MawBank","Pen Nib","Old Coin","VioletLotus","Frozen Eye","Incense Burner","ClockworkSouvenir","Mercury Hourglass","CeramicFish","Regal Pillow","Centennial Puzzle","Nunchaku"],"potions_floor_usage":[1,10,16,33,50,55],"damage_taken":[{"damage":0,"enemies":"Jaw Worm","floor":1,"turns":3},{"damage":0,"enemies":"Cultist","floor":3,"turns":2},{"damage":1,"enemies":"2 Louse","floor":4,"turns":2},{"damage":17,"enemies":"Lagavulin","floor":7,"turns":6},{"damage":0,"enemies":"Looter","floor":8,"turns":1},{"damage":0,"enemies":"3 Sentries","floor":10,"turns":2},{"damage":0,"enemies":"Exordium Thugs","floor":12,"turns":1},{"damage":0,"enemies":"Large Slime","floor":14,"turns":1},{"damage":63,"enemies":"Hexaghost","floor":16,"turns":8},{"damage":0,"enemies":"2 Thieves","floor":18,"turns":1},{"damage":3,"enemies":"Chosen","floor":21,"turns":1},{"damage":3,"enemies":"Book of Stabbing","floor":23,"turns":3},{"damage":3,"enemies":"Slavers","floor":25,"turns":2},{"damage":0,"enemies":"Snecko","floor":27,"turns":2},{"damage":3,"enemies":"Book of Stabbing","floor":28,"turns":1},{"damage":3,"enemies":"Shelled Parasite and Fungi","floor":31,"turns":2},{"damage":13,"enemies":"Automaton","floor":33,"turns":5},{"damage":3,"enemies":"3 Darklings","floor":35,"turns":2},{"damage":0,"enemies":"Orb Walker","floor":38,"turns":2},{"damage":0,"enemies":"Giant Head","floor":41,"turns":4},{"damage":0,"enemies":"Sphere and 2 Shapes","floor":42,"turns":2},{"damage":0,"enemies":"Jaw Worm Horde","floor":46,"turns":1},{"damage":19,"enemies":"Writhing Mass","floor":47,"turns":2},{"damage":26,"enemies":"Nemesis","floor":48,"turns":3},{"damage":17,"enemies":"Time Eater","floor":50,"turns":4},{"damage":46,"enemies":"Shield and Spear","floor":54,"turns":3},{"damage":46,"enemies":"The Heart","floor":55,"turns":6}],"seed_played":"5226833425750402667","potions_obtained":[{"floor":1,"key":"Fruit Juice"},{"floor":8,"key":"Fire Potion"},{"floor":10,"key":"LiquidBronze"},{"floor":12,"key":"Block Potion"},{"floor":21,"key":"Fire Potion"},{"floor":31,"key":"DuplicationPotion"},{"floor":33,"key":"CultistPotion"}],"is_trial":false,"path_per_floor":["M","?","M","M","$","R","E","M","T","E","R","M","$","M","R","B",null,"M","?","?","M","?","E","R","E","T","M","E","T","R","M","R","B",null,"M","$","?","M","$","R","E","M","T","?","?","M","M","E","R","B",null,"R","$","E","B",null],"character_chosen":"WATCHER","items_purchased":["Vajra","Bag of Preparation","Adaptation","Frozen Eye","Incense Burner","ClockworkSouvenir"],"campfire_rested":0,"item_purchase_floors":[5,13,36,36,36,39],"current_hp_per_floor":[70,63,63,62,62,62,45,45,45,45,45,45,45,45,45,7,70,70,70,70,67,67,64,64,61,61,61,58,58,58,55,55,57,70,67,67,67,67,67,67,67,67,67,67,67,67,48,22,22,30,70,70,70,24,3],"gold":132,"neow_bonus":"ONE_RARE_RELIC","is_prod":false,"is_daily":false,"chose_seed":false,"campfire_upgraded":8,"win_rate":0,"timestamp":1695155917,"path_taken":["M","?","M","?","$","R","E","M","T","E","R","M","?","M","R","BOSS","M","?","?","M","?","E","R","E","T","M","E","?","R","M","R","BOSS","M","$","?","M","$","R","E","M","T","?","?","M","M","E","R","BOSS","R","$","E","BOSS"],"build_version":"2022-12-18","purchased_purges":1,"victory":true,"max_hp_per_floor":[70,70,70,70,70,70,70,70,70,70,70,70,70,70,70,70,70,70,70,70,70,70,70,70,70,70,70,70,70,70,70,70,70,70,70,70,70,70,70,70,70,70,70,70,70,70,70,70,70,70,70,70,70,70,70],"card_choices":[{"not_picked":["Crescendo","ForeignInfluence"],"picked":"Tantrum","floor":1},{"not_picked":["Prostrate","FollowUp"],"picked":"CutThroughFate","floor":3},{"not_picked":["Protect","Conclude"],"picked":"FlurryOfBlows","floor":4},{"not_picked":["Wireheading","Devotion"],"picked":"InnerPeace","floor":7},{"not_picked":["BowlingBash","ForeignInfluence"],"picked":"DeceiveReality","floor":8},{"not_picked":["FlyingSleeves","Establishment","Crescendo"],"picked":"SKIP","floor":10},{"not_picked":["Evaluate","Protect"],"picked":"CutThroughFate","floor":12},{"not_picked":["Swivel","WreathOfFlame"],"picked":"Meditate","floor":14},{"not_picked":["Devotion","DevaForm"],"picked":"Blasphemy","floor":16},{"not_picked":["ThirdEye","PathToVictory"],"picked":"EmptyFist+1","floor":18},{"not_picked":["Protect","Fasting2"],"picked":"SandsOfTime","floor":21},{"not_picked":["CutThroughFate","WreathOfFlame"],"picked":"CrushJoints+1","floor":23},{"not_picked":["CrushJoints+1","Pray"],"picked":"Evaluate+1","floor":25},{"not_picked":["CutThroughFate+1","JustLucky+1"],"picked":"Wallop","floor":27},{"not_picked":["ForeignInfluence","EmptyFist","WreathOfFlame"],"picked":"SKIP","floor":28},{"not_picked":["CrushJoints","CutThroughFate+1"],"picked":"Scrawl","floor":31},{"not_picked":["Prostrate+1","BowlingBash","Study"],"picked":"SKIP","floor":35},{"not_picked":["PathToVictory","EmptyFist+1"],"picked":"MentalFortress","floor":38},{"not_picked":["FlyingSleeves+1","BattleHymn+1"],"picked":"CutThroughFate+1","floor":41},{"not_picked":["Prostrate","BattleHymn+1"],"picked":"Wallop+1","floor":42},{"not_picked":["Conclude+1","CarveReality+1","Weave+1"],"picked":"SKIP","floor":46},{"not_picked":["Perseverance","Weave+1","FlyingSleeves+1"],"picked":"SKIP","floor":47},{"not_picked":["ReachHeaven","WaveOfTheHand","PathToVictory+1"],"picked":"SKIP","floor":48},{"not_picked":["FlurryOfBlows+1","SashWhip+1"],"picked":"Wallop+1","floor":54}],"player_experience":652534,"relics_obtained":[{"floor":7,"key":"Pantograph"},{"floor":10,"key":"Anchor"},{"floor":23,"key":"Unceasing Top"},{"floor":25,"key":"Ornamental Fan"},{"floor":26,"key":"MawBank"},{"floor":28,"key":"Pen Nib"},{"floor":29,"key":"Old Coin"},{"floor":41,"key":"Mercury Hourglass"},{"floor":43,"key":"CeramicFish"},{"floor":48,"key":"Centennial Puzzle"},{"floor":54,"key":"Nunchaku"}],"event_choices":[{"damage_healed":0,"gold_gain":75,"player_choice":"Touch","damage_taken":7,"max_hp_gain":0,"max_hp_loss":0,"event_name":"FaceTrader","floor":2,"gold_loss":0},{"damage_healed":0,"gold_gain":0,"player_choice":"Obtained Relic","damage_taken":0,"relics_obtained":["Juzu Bracelet"],"max_hp_gain":0,"max_hp_loss":0,"event_name":"Addict","floor":19,"gold_loss":85},{"damage_healed":0,"gold_gain":0,"player_choice":"Obtain J.A.X.","damage_taken":0,"max_hp_gain":0,"max_hp_loss":0,"event_name":"Drug Dealer","floor":20,"gold_loss":0,"cards_obtained":["J.A.X."]},{"cards_removed":["Defend_P"],"damage_healed":0,"gold_gain":0,"player_choice":"Gave Gold","damage_taken":0,"max_hp_gain":0,"max_hp_loss":0,"event_name":"Beggar","floor":22,"gold_loss":75},{"damage_healed":0,"gold_gain":0,"player_choice":"Ignored","damage_taken":0,"max_hp_gain":0,"max_hp_loss":0,"event_name":"Tomb of Lord Red Mask","floor":37,"gold_loss":0},{"damage_healed":0,"gold_gain":0,"player_choice":"Paid Gold","damage_taken":0,"relics_obtained":["Regal Pillow"],"max_hp_gain":0,"max_hp_loss":0,"event_name":"WeMeetAgain","floor":44,"gold_loss":52},{"damage_healed":0,"gold_gain":0,"player_choice":"Copied","damage_taken":0,"max_hp_gain":0,"max_hp_loss":0,"event_name":"Duplicator","floor":45,"gold_loss":0,"cards_obtained":["Tantrum"]}],"is_beta":false,"boss_relics":[{"not_picked":["Sozu","Cursed Key"],"picked":"Coffee Dripper"},{"not_picked":["Busted Crown","SlaversCollar"],"picked":"VioletLotus"}],"items_purged_floors":[36],"is_endless":false,"potions_floor_spawned":[1,8,10,12,21,31,33,35,41,42,46],"ascension_level":3}