{"gold_per_floor":[136,170,41,41,73,118,118,166,191,225,263,311,342,377,377,475,475,540,540,596,606,356,356,406,316,366,10,10,23,23,55,55,160,160,180,194,274,130,191,218,218,248,298,334,360,360,392,406,406,431,431,431,40,66,91],"floor_reached":56,"playtime":3225,"items_purged":["Defend_P","Strike_P","Defend_P","Pray+1"],"score":2360,"play_id":"c6086bec-978f-4e17-844c-27da222b2103","local_time":"20231008001114","is_ascension_mode":true,"campfire_choices":[{"data":"Eruption","floor":7,"key":"SMITH"},{"data":"HandOfGreed","floor":15,"key":"SMITH"},{"data":"Blasphemy","floor":23,"key":"SMITH"},{"data":"Vault","floor":28,"key":"SMITH"},{"data":"LessonLearned","floor":30,"key":"SMITH"},{"data":"CrushJoints","floor":32,"key":"SMITH"},{"data":"Strike_P+1","floor":41,"key":"PURGE"},{"data":"MentalFortress","floor":46,"key":"SMITH"},{"floor":49,"key":"RECALL"},{"data":"1","floor":52,"key":"LIFT"}],"neow_cost":"TEN_PERCENT_HP_LOSS","seed_source_timestamp":6935696813900,"circlet_count":0,"master_deck":["AscendersBane","Eruption+1","Vigilance+1","HandOfGreed+1","CutThroughFate+1","TalkToTheHand+1","CrushJoints+1","Vault+1","Finesse","Blasphemy+1","EmptyFist+1","WaveOfTheHand+1","EmptyMind+1","InnerPeace+1","LessonLearned+1","RitualDagger+1","Eruption+1","MentalFortress+1","Collect+1","Halt+1","SandsOfTime+1","Weave"],"relics":["PureWater","Orichalcum","Strawberry","Bronze Scales","Gambling Chip","Busted Crown","Red Mask","DollysMirror","Centennial Puzzle","Anchor","Lee\u0027s Waffle","Lantern","Astrolabe","Peace Pipe","Membership Card","Kunai","Eternal Feather","Potion Belt","Girya","HornCleat","Cauldron","Sundial"],"potions_floor_usage":[6,6,16,16,24,37,40,55,55,55,55],"damage_taken":[{"damage":0,"enemies":"Small Slimes","floor":1,"turns":2},{"damage":0,"enemies":"Cultist","floor":2,"turns":3},{"damage":0,"enemies":"2 Louse","floor":5,"turns":2},{"damage":3,"enemies":"Lagavulin","floor":6,"turns":5},{"damage":0,"enemies":"Gremlin Nob","floor":8,"turns":3},{"damage":4,"enemies":"Lots of Slimes","floor":10,"turns":3},{"damage":3,"enemies":"Exordium Thugs","floor":11,"turns":2},{"damage":34,"enemies":"Lagavulin","floor":12,"turns":9},{"damage":6,"enemies":"Looter","floor":13,"turns":3},{"damage":8,"enemies":"Large Slime","floor":14,"turns":4},{"damage":0,"enemies":"Slime Boss","floor":16,"turns":6},{"damage":6,"enemies":"3 Byrds","floor":18,"turns":4},{"damage":6,"enemies":"Masked Bandits","floor":20,"turns":2},{"damage":0,"enemies":"Spheric Guardian","floor":21,"turns":2},{"damage":10,"enemies":"Slavers","floor":24,"turns":7},{"damage":0,"enemies":"Snecko","floor":29,"turns":2},{"damage":18,"enemies":"Book of Stabbing","floor":31,"turns":4},{"damage":75,"enemies":"Champ","floor":33,"turns":7},{"damage":0,"enemies":"3 Shapes","floor":35,"turns":4},{"damage":15,"enemies":"3 Darklings","floor":36,"turns":5},{"damage":0,"enemies":"2 Orb Walkers","floor":37,"turns":3},{"damage":6,"enemies":"4 Shapes","floor":39,"turns":5},{"damage":0,"enemies":"Nemesis","floor":40,"turns":4},{"damage":0,"enemies":"Reptomancer","floor":42,"turns":2},{"damage":0,"enemies":"Writhing Mass","floor":44,"turns":5},{"damage":0,"enemies":"Giant Head","floor":45,"turns":5},{"damage":0,"enemies":"Nemesis","floor":47,"turns":4},{"damage":1,"enemies":"3 Darklings","floor":48,"turns":6},{"damage":22,"enemies":"Donu and Deca","floor":50,"turns":9},{"damage":0,"enemies":"Shield and Spear","floor":54,"turns":4},{"damage":37,"enemies":"The Heart","floor":55,"turns":7}],"seed_played":"2120970507646407743","potions_obtained":[{"floor":1,"key":"EntropicBrew"},{"floor":5,"key":"ColorlessPotion"},{"floor":8,"key":"Fire Potion"},{"floor":16,"key":"EssenceOfSteel"},{"floor":18,"key":"FairyPotion"},{"floor":31,"key":"FearPotion"},{"floor":33,"key":"Swift Potion"},{"floor":36,"key":"Strength Potion"},{"floor":39,"key":"SkillPotion"},{"floor":44,"key":"LiquidMemories"},{"floor":45,"key":"Block Potion"},{"floor":48,"key":"FearPotion"},{"floor":53,"key":"CultistPotion"}],"is_trial":false,"path_per_floor":["M","M","$","?","M","E","R","E","T","M","M","E","M","M","R","B",null,"M","?","?","M","$","R","E","?","T","$","R","M","R","E","R","B",null,"M","M","?","$","M","E","R","E","T","M","E","R","E","M","R","B",null,"R","$","E","B",null],"character_chosen":"WATCHER","items_purchased":["CrushJoints","DollysMirror","Lee\u0027s Waffle","MentalFortress","Membership Card","HornCleat","DuplicationPotion","Weave","GamblersBrew","Cauldron"],"campfire_rested":0,"item_purchase_floors":[3,22,27,27,38,53,53,53,53,53],"current_hp_per_floor":[65,65,65,65,65,62,62,69,69,65,62,28,22,14,14,29,61,55,49,43,43,43,43,33,33,33,79,79,79,79,61,61,23,65,65,50,50,50,44,44,44,44,44,44,44,56,56,55,67,45,71,79,79,79,42],"gold":91,"neow_bonus":"RANDOM_COLORLESS_2","is_prod":false,"is_daily":false,"chose_seed":false,"campfire_upgraded":7,"win_rate":0,"timestamp":1696749074,"path_taken":["M","M","$","?","M","E","R","E","T","?","M","E","M","M","R","BOSS","M","?","?","M","$","R","E","?","T","$","R","?","R","E","R","BOSS","M","M","?","$","M","E","R","E","T","M","E","R","E","M","R","BOSS","R","$","E","BOSS"],"build_version":"2022-12-18","purchased_purges":4,"victory":true,"max_hp_per_floor":[65,65,65,65,65,65,65,72,72,72,72,72,72,72,72,72,72,72,72,72,72,72,72,72,72,72,79,79,79,79,79,79,79,79,79,79,79,79,79,79,79,79,79,79,79,79,79,79,79,79,79,79,79,79,79],"card_choices":[{"not_picked":["Transmutation","Magnetism"],"picked":"HandOfGreed","floor":0},{"not_picked":["Halt","ForeignInfluence"],"picked":"CutThroughFate","floor":1},{"not_picked":["ClearTheMind","SashWhip"],"picked":"TalkToTheHand","floor":2},{"not_picked":["EmptyBody","Halt"],"picked":"Blasphemy","floor":5},{"not_picked":["ThirdEye","Worship"],"picked":"EmptyFist","floor":6},{"not_picked":["SashWhip","BowlingBash"],"picked":"WaveOfTheHand","floor":8},{"not_picked":["ClearTheMind","WaveOfTheHand","Swivel"],"picked":"SKIP","floor":10},{"not_picked":["WheelKick","Fasting2","Prostrate"],"picked":"SKIP","floor":11},{"not_picked":["Fasting2","BattleHymn"],"picked":"EmptyMind","floor":12},{"not_picked":["Crescendo","LikeWater","FlyingSleeves"],"picked":"SKIP","floor":13},{"not_picked":["FlurryOfBlows","ClearTheMind"],"picked":"InnerPeace","floor":14},{"not_picked":["Wish","DevaForm"],"picked":"LessonLearned","floor":16},{"not_picked":["Prostrate"],"picked":"SKIP","floor":18},{"not_picked":["Worship"],"picked":"SKIP","floor":21},{"not_picked":["EmptyBody"],"picked":"SKIP","floor":24},{"not_picked":["Wireheading"],"picked":"SKIP","floor":29},{"not_picked":["Wireheading"],"picked":"SKIP","floor":31},{"not_picked":["EmptyFist"],"picked":"SKIP","floor":35},{"not_picked":["Crescendo+1"],"picked":"SKIP","floor":36},{"not_picked":[],"picked":"SandsOfTime","floor":39},{"not_picked":["ClearTheMind"],"picked":"SKIP","floor":40},{"not_picked":["PathToVictory"],"picked":"SKIP","floor":42},{"not_picked":["Crescendo"],"picked":"SKIP","floor":44},{"not_picked":["LikeWater"],"picked":"SKIP","floor":45},{"not_picked":["ClearTheMind"],"picked":"SKIP","floor":47},{"not_picked":["Crescendo"],"picked":"SKIP","floor":48},{"not_picked":["WaveOfTheHand+1"],"picked":"SKIP","floor":54}],"player_experience":827959,"relics_obtained":[{"floor":6,"key":"Orichalcum"},{"floor":8,"key":"Strawberry"},{"floor":9,"key":"Bronze Scales"},{"floor":12,"key":"Gambling Chip"},{"floor":20,"key":"Red Mask"},{"floor":24,"key":"Centennial Puzzle"},{"floor":26,"key":"Anchor"},{"floor":31,"key":"Lantern"},{"floor":37,"key":"Peace Pipe"},{"floor":40,"key":"Kunai"},{"floor":42,"key":"Eternal Feather"},{"floor":45,"key":"Potion Belt"},{"floor":47,"key":"Girya"},{"floor":54,"key":"Sundial"}],"event_choices":[{"damage_healed":0,"gold_gain":0,"player_choice":"2 cards matched","damage_taken":0,"max_hp_gain":0,"max_hp_loss":0,"event_name":"Match and Keep!","floor":4,"gold_loss":0,"cards_obtained":["Vault","Finesse"]},{"damage_healed":0,"gold_gain":0,"player_choice":"Joined the Cult","damage_taken":6,"max_hp_gain":0,"max_hp_loss":0,"event_name":"Nest","floor":19,"gold_loss":0,"cards_obtained":["RitualDagger"]},{"damage_healed":0,"gold_gain":0,"player_choice":"Fought Bandits","damage_taken":0,"max_hp_gain":0,"max_hp_loss":0,"event_name":"Masked Bandits","floor":20,"gold_loss":0},{"cards_removed":["Strike_P"],"damage_healed":0,"gold_gain":0,"player_choice":"Upgrade and Remove","damage_taken":0,"max_hp_gain":0,"max_hp_loss":0,"event_name":"Designer","floor":25,"gold_loss":90,"cards_upgraded":["RitualDagger"]},{"damage_healed":0,"gold_gain":0,"player_choice":"Fight","damage_taken":0,"max_hp_gain":0,"max_hp_loss":0,"event_name":"Mysterious Sphere","floor":37,"gold_loss":0}],"is_beta":false,"boss_relics":[{"not_picked":["Black Star","Runic Dome"],"picked":"Busted Crown"},{"not_picked":["Snecko Eye","Velvet Choker"],"picked":"Astrolabe"}],"items_purged_floors":[3,22,27,53],"is_endless":false,"potions_floor_spawned":[1,5,8,13,14,16,18,31,33,36,39,44,45,48],"ascension_level":12}