{"gold_per_floor":[112,122,136,61,78,78,78,78,78,89,118,218,252,266,266,340,340,353,353,363,374,32,32,60,60,130,130,140,155,188,200,200,273,273,289,14,32,43,63,96,96,124,124,124,124,150,161,82,82,82,82,82,82,109,109],"floor_reached":56,"playtime":2864,"items_purged":["Defend_P","Strike_P","Strike_P"],"score":2084,"play_id":"0415f5b3-1ad9-4df5-9f58-91c8a841812a","local_time":"20231029132515","is_ascension_mode":true,"campfire_choices":[{"data":"Eruption","floor":6,"key":"SMITH"},{"data":"CrushJoints","floor":8,"key":"SMITH"},{"data":"Vigilance","floor":15,"key":"SMITH"},{"data":"SandsOfTime","floor":23,"key":"SMITH"},{"floor":25,"key":"REST"},{"data":"Halt","floor":27,"key":"SMITH"},{"data":"Meditate","floor":32,"key":"SMITH"},{"data":"Doubt","floor":45,"key":"PURGE"},{"floor":49,"key":"RECALL"},{"data":"WaveOfTheHand","floor":52,"key":"SMITH"}],"neow_cost":"PERCENT_DAMAGE","seed_source_timestamp":1485075386714900,"circlet_count":0,"master_deck":["AscendersBane","Strike_P","Defend_P","Eruption+1","Vigilance+1","Halt","CrushJoints+1","CutThroughFate","SandsOfTime+1","EmptyBody","BowlingBash+1","FlurryOfBlows+1","TalkToTheHand+1","FlurryOfBlows+1","ThirdEye+1","Halt+1","Meditate+1","ThirdEye+1","SandsOfTime+1","EmptyFist+1","Establishment","WaveOfTheHand+1","Adaptation+1","FlurryOfBlows+1","CutThroughFate+1","Tantrum+1","Tantrum+1","Scrawl"],"relics":["PureWater","Yang","Darkstone Periapt","Molten Egg 2","VioletLotus","Shuriken","Gremlin Horn","Eternal Feather","Bird Faced Urn","Cursed Key","Potion Belt","Peace Pipe","Pen Nib","Centennial Puzzle","HornCleat"],"potions_floor_usage":[13,15,24,30,50,50,50],"damage_taken":[{"damage":0,"enemies":"Cultist","floor":1,"turns":2},{"damage":7,"enemies":"Jaw Worm","floor":2,"turns":4},{"damage":0,"enemies":"2 Louse","floor":3,"turns":3},{"damage":0,"enemies":"Large Slime","floor":5,"turns":4},{"damage":9,"enemies":"Exordium Wildlife","floor":10,"turns":3},{"damage":0,"enemies":"Gremlin Nob","floor":11,"turns":2},{"damage":0,"enemies":"Lagavulin","floor":13,"turns":4},{"damage":4,"enemies":"Looter","floor":14,"turns":2},{"damage":19,"enemies":"The Guardian","floor":16,"turns":8},{"damage":0,"enemies":"Spheric Guardian","floor":18,"turns":3},{"damage":7,"enemies":"2 Thieves","floor":20,"turns":3},{"damage":0,"enemies":"Snecko","floor":21,"turns":2},{"damage":11,"enemies":"Slavers","floor":24,"turns":3},{"damage":0,"enemies":"Chosen and Byrds","floor":28,"turns":3},{"damage":14,"enemies":"Centurion and Healer","floor":29,"turns":3},{"damage":13,"enemies":"Book of Stabbing","floor":30,"turns":2},{"damage":0,"enemies":"Shelled Parasite and Fungi","floor":31,"turns":3},{"damage":5,"enemies":"Champ","floor":33,"turns":6},{"damage":9,"enemies":"Orb Walker","floor":35,"turns":2},{"damage":0,"enemies":"3 Darklings","floor":37,"turns":4},{"damage":13,"enemies":"4 Shapes","floor":38,"turns":3},{"damage":2,"enemies":"Sphere and 2 Shapes","floor":39,"turns":3},{"damage":0,"enemies":"Reptomancer","floor":40,"turns":3},{"damage":44,"enemies":"Nemesis","floor":42,"turns":7},{"damage":9,"enemies":"Giant Head","floor":46,"turns":5},{"damage":4,"enemies":"Writhing Mass","floor":47,"turns":5},{"damage":61,"enemies":"Time Eater","floor":50,"turns":6},{"damage":2,"enemies":"Shield and Spear","floor":54,"turns":2},{"damage":2,"enemies":"The Heart","floor":55,"turns":5}],"seed_played":"1777950584980561501","potions_obtained":[{"floor":10,"key":"AttackPotion"},{"floor":11,"key":"Fruit Juice"},{"floor":14,"key":"Strength Potion"},{"floor":18,"key":"EssenceOfSteel"},{"floor":20,"key":"Ambrosia"},{"floor":29,"key":"FairyPotion"},{"floor":31,"key":"StancePotion"},{"floor":37,"key":"Weak Potion"},{"floor":38,"key":"LiquidBronze"},{"floor":42,"key":"SkillPotion"}],"is_trial":false,"path_per_floor":["M","M","M","$","M","R","?","R","T","M","E","?","E","M","R","B",null,"M","?","M","M","$","R","E","R","T","R","M","M","E","M","R","B",null,"M","$","M","M","M","E","?","E","T","?","R","E","M","$","R","B",null,"R","$","E","B",null],"character_chosen":"WATCHER","items_purchased":["Shuriken","Potion Belt","Tantrum+1"],"campfire_rested":1,"item_purchase_floors":[22,36,48],"current_hp_per_floor":[43,36,36,36,36,36,29,29,29,20,20,20,20,16,21,2,55,55,48,41,41,41,41,30,51,51,60,60,46,33,33,45,40,65,56,56,58,47,47,51,51,11,17,17,32,27,27,27,42,14,63,78,78,77,79],"gold":109,"neow_bonus":"REMOVE_TWO","is_prod":false,"is_daily":false,"chose_seed":false,"campfire_upgraded":7,"win_rate":0,"timestamp":1698611115,"path_taken":["M","M","M","$","M","R","?","R","T","M","E","?","E","M","R","BOSS","M","?","M","M","$","R","E","R","T","R","?","M","E","M","R","BOSS","M","$","?","?","M","E","?","E","T","?","R","E","M","$","R","BOSS","R","$","E","BOSS"],"build_version":"2022-12-18","purchased_purges":3,"victory":true,"max_hp_per_floor":[68,68,68,68,68,68,68,68,68,68,68,68,68,68,73,73,73,73,73,73,73,73,73,73,73,73,73,73,73,73,73,73,73,73,73,73,73,73,73,73,73,73,79,79,79,79,79,79,79,79,79,79,79,79,79],"card_choices":[{"not_picked":["Crescendo","Weave"],"picked":"Halt","floor":1},{"not_picked":["SashWhip","Protect"],"picked":"CrushJoints","floor":2},{"not_picked":["Judgement","LikeWater"],"picked":"CutThroughFate","floor":3},{"not_picked":["ClearTheMind","FollowUp"],"picked":"SandsOfTime","floor":5},{"not_picked":["Wireheading","ThirdEye"],"picked":"EmptyBody","floor":10},{"not_picked":["Conclude","FollowUp"],"picked":"CutThroughFate","floor":11},{"not_picked":["LikeWater","Conclude+1"],"picked":"BowlingBash+1","floor":13},{"not_picked":["DeceiveReality","ThirdEye"],"picked":"FlurryOfBlows+1","floor":14},{"not_picked":["JustLucky+1","CutThroughFate+1"],"picked":"TalkToTheHand+1","floor":18},{"not_picked":["Pray","ForeignInfluence"],"picked":"FlurryOfBlows+1","floor":20},{"not_picked":["ThirdEye+1","JustLucky+1","Consecrate+1"],"picked":"SKIP","floor":21},{"not_picked":["JustLucky+1","Consecrate+1"],"picked":"ThirdEye+1","floor":21},{"not_picked":["Judgement","ForeignInfluence"],"picked":"Halt","floor":24},{"not_picked":["CrushJoints+1","LikeWater"],"picked":"Meditate","floor":28},{"not_picked":["FlyingSleeves+1","Conclude+1"],"picked":"ThirdEye+1","floor":29},{"not_picked":["BowlingBash+1","Prostrate"],"picked":"SandsOfTime+1","floor":30},{"not_picked":["Halt","Evaluate"],"picked":"EmptyFist+1","floor":31},{"not_picked":["Devotion","Brilliance+1"],"picked":"Establishment","floor":33},{"not_picked":["Conclude+1","Consecrate+1","FollowUp+1"],"picked":"SKIP","floor":35},{"not_picked":["ClearTheMind+1","Prostrate","FollowUp+1"],"picked":"SKIP","floor":37},{"not_picked":["Evaluate","Consecrate+1"],"picked":"WaveOfTheHand","floor":38},{"not_picked":["Crescendo","SashWhip+1"],"picked":"Adaptation+1","floor":39},{"not_picked":["Ragnarok+1","Fasting2"],"picked":"FlurryOfBlows+1","floor":40},{"not_picked":["WaveOfTheHand","CrushJoints+1"],"picked":"CutThroughFate+1","floor":42},{"not_picked":["Nirvana","Wallop+1"],"picked":"Tantrum+1","floor":46},{"not_picked":["WheelKick+1","BowlingBash+1","Wireheading"],"picked":"SKIP","floor":47},{"not_picked":["BowlingBash+1","Meditate"],"picked":"Scrawl","floor":54}],"player_experience":877519,"relics_obtained":[{"floor":9,"key":"Yang"},{"floor":11,"key":"Darkstone Periapt"},{"floor":13,"key":"Molten Egg 2"},{"floor":24,"key":"Gremlin Horn"},{"floor":26,"key":"Eternal Feather"},{"floor":30,"key":"Bird Faced Urn"},{"floor":40,"key":"Peace Pipe"},{"floor":42,"key":"Pen Nib"},{"floor":46,"key":"Centennial Puzzle"},{"floor":54,"key":"HornCleat"}],"event_choices":[{"cards_removed":["Strike_P"],"damage_healed":0,"gold_gain":0,"player_choice":"Card Removal","damage_taken":7,"max_hp_gain":0,"max_hp_loss":0,"event_name":"Golden Wing","floor":7,"gold_loss":0},{"damage_healed":0,"gold_gain":100,"player_choice":"Pray","damage_taken":0,"max_hp_gain":0,"max_hp_loss":0,"event_name":"Golden Shrine","floor":12,"gold_loss":0},{"damage_healed":0,"gold_gain":0,"player_choice":"Damaged","damage_taken":7,"max_hp_gain":0,"max_hp_loss":0,"event_name":"Wheel of Change","floor":19,"gold_loss":0},{"cards_removed":["CutThroughFate"],"damage_healed":0,"gold_gain":0,"player_choice":"Removed Attack","damage_taken":0,"max_hp_gain":0,"max_hp_loss":0,"event_name":"Falling","floor":41,"gold_loss":0},{"damage_healed":0,"gold_gain":0,"player_choice":"Ignored","damage_taken":0,"max_hp_gain":0,"max_hp_loss":0,"event_name":"The Moai Head","floor":44,"gold_loss":0}],"is_beta":false,"boss_relics":[{"not_picked":["Fusion Hammer","Philosopher\u0027s Stone"],"picked":"VioletLotus"},{"not_picked":["Busted Crown","Runic Pyramid"],"picked":"Cursed Key"}],"items_purged_floors":[4,22,36],"is_endless":false,"potions_floor_spawned":[10,11,14,18,20,29,31,37,38,42,47],"ascension_level":14}