{"gold_per_floor":[116,41,56,56,68,83,83,114,114,114,127,142,142,165,165,165],"floor_reached":16,"playtime":449,"items_purged":["Defend_P"],"score":107,"play_id":"811ffa23-fca8-49f8-8486-07f0b2d28191","local_time":"20240102022522","is_ascension_mode":true,"campfire_choices":[{"data":"Eruption","floor":7,"key":"SMITH"},{"data":"Adaptation","floor":13,"key":"SMITH"},{"data":"FearNoEvil","floor":15,"key":"SMITH"}],"neow_cost":"NONE","seed_source_timestamp":1699724641922800,"circlet_count":0,"master_deck":["Strike_P","Strike_P","Strike_P+1","Strike_P+1","Defend_P","Defend_P","Defend_P","Eruption+1","Vigilance","Adaptation+1","FearNoEvil+1","Decay"],"relics":["PureWater","Whetstone","Regal Pillow","Kunai","Odd Mushroom"],"potions_floor_usage":[8,16],"damage_taken":[{"damage":0,"enemies":"Jaw Worm","floor":1,"turns":2},{"damage":0,"enemies":"Small Slimes","floor":3,"turns":3},{"damage":0,"enemies":"Cultist","floor":5,"turns":2},{"damage":9,"enemies":"Exordium Wildlife","floor":6,"turns":5},{"damage":10,"enemies":"Lagavulin","floor":8,"turns":5},{"damage":7,"enemies":"2 Fungi Beasts","floor":11,"turns":4},{"damage":8,"enemies":"Red Slaver","floor":12,"turns":6},{"damage":12,"enemies":"The Mushroom Lair","floor":14,"turns":2},{"damage":32,"enemies":"Slime Boss","floor":16,"turns":8}],"seed_played":"-3394573380874166332","potions_obtained":[{"floor":1,"key":"DuplicationPotion"},{"floor":11,"key":"GamblersBrew"}],"is_trial":false,"path_per_floor":["M","$","M","?","M","M","R","E","T","?","M","M","R","?","R","B"],"character_chosen":"WATCHER","items_purchased":[],"campfire_rested":0,"item_purchase_floors":[],"current_hp_per_floor":[72,72,72,77,77,68,68,58,58,58,51,43,43,31,31,0],"gold":165,"neow_bonus":"RANDOM_COMMON_RELIC","is_prod":false,"is_daily":false,"chose_seed":false,"campfire_upgraded":3,"win_rate":0,"timestamp":1704191122,"path_taken":["M","$","M","?","M","M","R","E","T","?","M","?","R","?","R","BOSS"],"build_version":"2022-12-18","purchased_purges":1,"victory":false,"max_hp_per_floor":[72,72,72,77,77,77,77,77,77,77,77,77,77,77,77,77],"card_choices":[{"not_picked":["SandsOfTime","Wireheading"],"picked":"Adaptation","floor":1},{"not_picked":["Evaluate","ClearTheMind","Protect"],"picked":"SKIP","floor":3},{"not_picked":["EmptyBody","Crescendo","ThirdEye"],"picked":"SKIP","floor":5},{"not_picked":["Conclude","ThirdEye","EmptyBody"],"picked":"SKIP","floor":6},{"not_picked":["BowlingBash","EmptyBody"],"picked":"FearNoEvil","floor":8},{"not_picked":["Perseverance","Pray","FlyingSleeves"],"picked":"SKIP","floor":11},{"not_picked":["Establishment","Evaluate","EmptyBody"],"picked":"SKIP","floor":12}],"player_experience":1167202,"relics_obtained":[{"floor":8,"key":"Regal Pillow"},{"floor":9,"key":"Kunai"},{"floor":14,"key":"Odd Mushroom"}],"event_choices":[{"damage_healed":0,"gold_gain":0,"player_choice":"Donut","damage_taken":0,"max_hp_gain":5,"max_hp_loss":0,"event_name":"Big Fish","floor":4,"gold_loss":0},{"damage_healed":0,"gold_gain":0,"player_choice":"Cursed","damage_taken":0,"max_hp_gain":0,"max_hp_loss":0,"event_name":"Wheel of Change","floor":10,"gold_loss":0,"cards_obtained":["Decay"]},{"damage_healed":0,"gold_gain":0,"player_choice":"Fought Mushrooms","damage_taken":0,"max_hp_gain":0,"max_hp_loss":0,"event_name":"Mushrooms","floor":14,"gold_loss":0}],"is_beta":false,"boss_relics":[],"items_purged_floors":[2],"is_endless":false,"potions_floor_spawned":[1,11],"killed_by":"Slime Boss","ascension_level":1}