{"gold_per_floor":[119,133,58,77,90,90,104,104,154,168,68,68,81,81,81,181,181,197,197,72,84,96,96,107,133,157,170,170,184,184,284,284,384,384,403,180,195,211,221,221,237,254,254,254,267,267],"floor_reached":46,"playtime":1538,"items_purged":["WreathOfFlame","Defend_P","Strike_P","Defend_P"],"score":440,"play_id":"4cdbf917-cfd4-4221-a5ef-17c0f1ebcd9a","local_time":"20240101195239","is_ascension_mode":false,"campfire_choices":[{"data":"Eruption","floor":6.0,"key":"SMITH"},{"data":"ReachHeaven","floor":8.0,"key":"SMITH"},{"data":"Vigilance","floor":12.0,"key":"SMITH"},{"data":"Strike_P","floor":15.0,"key":"SMITH"},{"data":"InnerPeace","floor":23.0,"key":"SMITH"},{"data":"Strike_P","floor":28.0,"key":"SMITH"},{"data":"Strike_P","floor":30.0,"key":"SMITH"},{"floor":32.0,"key":"REST"},{"floor":40,"key":"REST"},{"data":"MentalFortress","floor":44,"key":"SMITH"}],"neow_cost":"NONE","seed_source_timestamp":1656127032590000,"circlet_count":0,"master_deck":["Strike_P+1","Strike_P+1","Strike_P+1","Defend_P","Eruption+1","Vigilance+1","InnerPeace+1","ReachHeaven+1","Eruption+1","InnerPeace","EmptyMind","MentalFortress+1","Parasite","SandsOfTime+1"],"special_seed":0,"relics":["PureWater"],"potions_floor_usage":[33,33,39,42,45,46,46],"damage_taken":[{"damage":0.0,"enemies":"Jaw Worm","floor":1.0,"turns":2.0},{"damage":0.0,"enemies":"Small Slimes","floor":2.0,"turns":2.0},{"damage":0.0,"enemies":"Cultist","floor":4.0,"turns":2.0},{"damage":3.0,"enemies":"Red Slaver","floor":5.0,"turns":4.0},{"damage":12.0,"enemies":"Blue Slaver","floor":7.0,"turns":3.0},{"damage":2.0,"enemies":"Looter","floor":10.0,"turns":2.0},{"damage":0.0,"enemies":"Large Slime","floor":13.0,"turns":2.0},{"damage":16.0,"enemies":"The Guardian","floor":16.0,"turns":10.0},{"damage":8.0,"enemies":"2 Thieves","floor":18.0,"turns":3.0},{"damage":0.0,"enemies":"Spheric Guardian","floor":21.0,"turns":2.0},{"damage":20.0,"enemies":"Snake Plant","floor":22.0,"turns":3.0},{"damage":3.0,"enemies":"Snecko","floor":24.0,"turns":3.0},{"damage":11.0,"enemies":"Slavers","floor":25.0,"turns":4.0},{"damage":0.0,"enemies":"Chosen and Byrds","floor":27.0,"turns":3.0},{"damage":0.0,"enemies":"Cultist and Chosen","floor":29.0,"turns":4.0},{"damage":17.0,"enemies":"Colosseum Slavers","floor":31.0,"turns":4.0},{"damage":14.0,"enemies":"Colosseum Nobs","floor":31.0,"turns":3.0},{"damage":14,"enemies":"Automaton","floor":33,"turns":4},{"damage":23,"enemies":"Orb Walker","floor":35,"turns":4},{"damage":12,"enemies":"3 Shapes","floor":37,"turns":3},{"damage":19,"enemies":"3 Darklings","floor":38,"turns":7},{"damage":14,"enemies":"4 Shapes","floor":39,"turns":7},{"damage":0,"enemies":"Sphere and 2 Shapes","floor":41,"turns":7},{"damage":22,"enemies":"Writhing Mass","floor":42,"turns":8},{"damage":3,"enemies":"Transient","floor":45,"turns":5},{"damage":14,"enemies":"Sphere and 2 Shapes","floor":46,"turns":2}],"seed_played":"137242721101990135","potions_obtained":[{"floor":4.0,"key":"Fruit Juice"},{"floor":10.0,"key":"DistilledChaos"},{"floor":16.0,"key":"DuplicationPotion"},{"floor":24.0,"key":"Swift Potion"},{"floor":29.0,"key":"SteroidPotion"},{"floor":31.0,"key":"Swift Potion"},{"floor":37,"key":"Fire Potion"},{"floor":41,"key":"Energy Potion"},{"floor":42,"key":"Explosive Potion"}],"is_trial":false,"path_per_floor":["M","M","$","M","M","R","M","R","T","M","$","R","M","?","R","B",null,"M","?","$","M","M","R","M","E","T","M","R","M","R","?","R","B",null,"M","$","M","M","M","R","M","M","T","R","M","M"],"character_chosen":"WATCHER","items_purchased":["DuplicationPotion"],"campfire_rested":2,"item_purchase_floors":[36],"current_hp_per_floor":[72,72,72,72,69,69,57,57,57,55,55,55,55,55,55,44,77,69,69,69,69,49,49,46,35,35,35,35,35,35,4,27,13,77,54,54,42,23,9,32,32,10,10,10,7,0],"gold":267,"neow_bonus":"TRANSFORM_CARD","is_prod":false,"is_daily":false,"chose_seed":false,"campfire_upgraded":8,"win_rate":0,"timestamp":1704167559,"path_taken":["M","M","$","M","M","R","M","R","T","M","$","R","M","?","R","BOSS","M","?","$","M","?","R","M","E","T","M","R","?","R","?","R","BOSS","M","$","M","M","M","R","M","M","T","R","M","M"],"build_version":"2022-12-18","purchased_purges":4,"victory":false,"max_hp_per_floor":[72,72,72,72,72,72,72,72,72,72,72,72,72,72,72,77,77,77,77,77,77,77,77,77,77,77,77,77,77,77,77,77,77,77,77,77,77,77,77,77,77,77,77,77,77,77],"card_choices":[{"not_picked":["ThirdEye","Prostrate","SignatureMove"],"picked":"SKIP","floor":1.0},{"not_picked":["JustLucky","SashWhip"],"picked":"InnerPeace","floor":2.0},{"not_picked":["ClearTheMind","BowlingBash"],"picked":"ReachHeaven","floor":4.0},{"not_picked":["Sanctity","MasterReality","Protect"],"picked":"SKIP","floor":5.0},{"not_picked":["SashWhip","PathToVictory","Pray"],"picked":"SKIP","floor":7.0},{"not_picked":["FlyingSleeves","BattleHymn","PathToVictory"],"picked":"SKIP","floor":10.0},{"not_picked":["Consecrate","FlurryOfBlows","MasterReality"],"picked":"SKIP","floor":13.0},{"not_picked":["FollowUp","Meditate+1","WheelKick"],"picked":"SKIP","floor":18.0},{"not_picked":["ThirdEye","Consecrate","Halt"],"picked":"SKIP","floor":21.0},{"not_picked":["CutThroughFate+1","ThirdEye","Evaluate"],"picked":"SKIP","floor":22.0},{"not_picked":["CarveReality","Meditate+1","Brilliance"],"picked":"SKIP","floor":24.0},{"not_picked":["Evaluate","Collect","Indignation"],"picked":"SKIP","floor":25.0},{"not_picked":["BowlingBash","Prostrate+1","ThirdEye"],"picked":"SKIP","floor":27.0},{"not_picked":["Collect","CutThroughFate","CrushJoints"],"picked":"SKIP","floor":29.0},{"not_picked":["FlyingSleeves","Crescendo"],"picked":"InnerPeace","floor":31.0},{"not_picked":["EmptyBody","Consecrate","ClearTheMind"],"picked":"SKIP","floor":35},{"not_picked":["SashWhip","ReachHeaven","EmptyMind"],"picked":"SKIP","floor":37},{"not_picked":["SashWhip","ReachHeaven"],"picked":"EmptyMind","floor":37},{"not_picked":["Tantrum+1","TalkToTheHand"],"picked":"MentalFortress","floor":38},{"not_picked":["Crescendo+1","BowlingBash+1","SashWhip+1"],"picked":"SKIP","floor":39},{"not_picked":["Pray","WheelKick","EmptyBody"],"picked":"SKIP","floor":41},{"not_picked":["Pray","WheelKick","EmptyBody"],"picked":"SKIP","floor":41},{"not_picked":["SashWhip","FlurryOfBlows+1"],"picked":"SandsOfTime+1","floor":42},{"not_picked":["BowlingBash+1","WindmillStrike+1","Wish"],"picked":"SKIP","floor":45}],"player_experience":1156141,"relics_obtained":[],"event_choices":[{"damage_healed":0.0,"max_hp_gain":0.0,"max_hp_loss":0.0,"gold_gain":0.0,"event_name":"Scrap Ooze","player_choice":"Fled","floor":14.0,"gold_loss":0.0,"damage_taken":0.0},{"damage_healed":0.0,"max_hp_gain":0.0,"max_hp_loss":0.0,"gold_gain":0.0,"event_name":"Duplicator","player_choice":"Copied","floor":19.0,"gold_loss":0.0,"damage_taken":0.0,"cards_obtained":["Eruption"]},{"damage_healed":0.0,"max_hp_gain":0.0,"max_hp_loss":0.0,"gold_gain":0.0,"event_name":"Colosseum","player_choice":"Fight","floor":31.0,"gold_loss":0.0,"damage_taken":0.0},{"damage_healed":0.0,"max_hp_gain":0.0,"max_hp_loss":0.0,"gold_gain":0.0,"event_name":"Colosseum","player_choice":"Fought Nobs","floor":31.0,"gold_loss":0.0,"damage_taken":0.0}],"is_beta":false,"boss_relics":[{"not_picked":["Astrolabe","Ectoplasm","Empty Cage"]},{"not_picked":["Fusion Hammer","Coffee Dripper","HolyWater"]}],"items_purged_floors":[3,11,20,36],"is_endless":false,"potions_floor_spawned":[4,10,16,24,29,31,37,41,42],"killed_by":"Sphere and 2 Shapes","ascension_level":0}