{"gold_per_floor":[119,130,149,160,160,160,170,183,183,183,183,258,133,147,147,244,244,259,272,172,190,65,65,65,99,99,132,35,35,35,61,61,61],"floor_reached":33,"playtime":804,"items_purged":["Strike_P","Defend_P","Strike_P"],"score":295,"play_id":"d996ca7f-a7c1-42cd-9311-c659fd5d0e01","local_time":"20240101141107","is_ascension_mode":false,"campfire_choices":[{"data":"CarveReality","floor":6.0,"key":"SMITH"},{"data":"Vigilance","floor":11.0,"key":"SMITH"},{"data":"TalkToTheHand","floor":15.0,"key":"SMITH"},{"data":"InnerPeace","floor":23.0,"key":"SMITH"},{"floor":29,"key":"REST"},{"floor":32,"key":"REST"}],"neow_cost":"PERCENT_DAMAGE","seed_source_timestamp":1655302979476800,"circlet_count":0,"master_deck":["Strike_P","Strike_P","Defend_P","Eruption+1","Vigilance+1","CarveReality+1","CrushJoints+1","TalkToTheHand+1","InnerPeace+1","RitualDagger","TalkToTheHand"],"special_seed":0,"relics":["PureWater"],"potions_floor_usage":[33,33],"damage_taken":[{"damage":7.0,"enemies":"2 Louse","floor":1.0,"turns":2.0},{"damage":0.0,"enemies":"Small Slimes","floor":2.0,"turns":2.0},{"damage":0.0,"enemies":"Jaw Worm","floor":3.0,"turns":2.0},{"damage":1.0,"enemies":"2 Fungi Beasts","floor":4.0,"turns":2.0},{"damage":2.0,"enemies":"Looter","floor":7.0,"turns":2.0},{"damage":2.0,"enemies":"Blue Slaver","floor":8.0,"turns":2.0},{"damage":0.0,"enemies":"3 Louse","floor":14.0,"turns":1.0},{"damage":11.0,"enemies":"Hexaghost","floor":16.0,"turns":6.0},{"damage":1.0,"enemies":"Shell Parasite","floor":18.0,"turns":3.0},{"damage":5.0,"enemies":"Spheric Guardian","floor":19.0,"turns":3.0},{"damage":3.0,"enemies":"3 Cultists","floor":21.0,"turns":3.0},{"damage":52.0,"enemies":"Book of Stabbing","floor":25.0,"turns":5.0},{"damage":1.0,"enemies":"Gremlin Leader","floor":27.0,"turns":5.0},{"damage":26,"enemies":"Slavers","floor":31,"turns":4},{"damage":54,"enemies":"Automaton","floor":33,"turns":6}],"seed_played":"-4531231085348737144","potions_obtained":[{"floor":2.0,"key":"SneckoOil"},{"floor":7.0,"key":"Swift Potion"},{"floor":14.0,"key":"PowerPotion"},{"floor":27,"key":"FairyPotion"}],"is_trial":false,"path_per_floor":["M","M","M","M","?","R","M","M","T","?","R","?","$","M","R","B",null,"M","M","$","M","$","R","?","E","T","E","$","R","?","E","R","B"],"character_chosen":"WATCHER","items_purchased":["PowerPotion","CultistPotion"],"campfire_rested":2,"item_purchase_floors":[13,28],"current_hp_per_floor":[44,44,44,43,29,29,27,25,25,49,49,38,38,38,38,27,72,71,66,66,63,63,63,57,5,5,4,4,25,25,21,42,0],"gold":61,"neow_bonus":"REMOVE_TWO","is_prod":false,"is_daily":false,"chose_seed":false,"campfire_upgraded":4,"win_rate":0,"timestamp":1704147067,"path_taken":["M","M","M","M","?","R","M","M","T","?","R","?","$","?","R","BOSS","M","M","$","M","$","R","?","E","T","E","$","R","?","E","R","BOSS"],"build_version":"2022-12-18","purchased_purges":3,"victory":false,"max_hp_per_floor":[72,72,72,72,72,72,72,72,72,72,72,72,72,72,72,72,72,72,72,72,72,72,72,72,72,72,72,72,72,72,72,72,72],"card_choices":[{"not_picked":["Protect","SashWhip","Wireheading"],"picked":"SKIP","floor":1.0},{"not_picked":["CutThroughFate","Evaluate"],"picked":"CarveReality","floor":2.0},{"not_picked":["Crescendo","Evaluate"],"picked":"CrushJoints","floor":3.0},{"not_picked":["SandsOfTime","Consecrate","BowlingBash"],"picked":"SKIP","floor":4.0},{"not_picked":["JustLucky","TalkToTheHand","FearNoEvil"],"picked":"SKIP","floor":7.0},{"not_picked":["JustLucky","FearNoEvil"],"picked":"TalkToTheHand","floor":7.0},{"not_picked":["Swivel","Nirvana"],"picked":"InnerPeace","floor":8.0},{"not_picked":["CutThroughFate","EmptyBody","FlyingSleeves"],"picked":"SKIP","floor":14.0},{"not_picked":["Crescendo","CutThroughFate","Prostrate"],"picked":"SKIP","floor":18.0},{"not_picked":["BowlingBash","Collect+1","Weave+1"],"picked":"SKIP","floor":19.0},{"not_picked":["Wallop","CrushJoints","Fasting2"],"picked":"SKIP","floor":21.0},{"not_picked":["BowlingBash","Crescendo+1","Protect"],"picked":"SKIP","floor":25.0},{"not_picked":["Fasting2+1","ForeignInfluence","Sanctity+1"],"picked":"SKIP","floor":27},{"not_picked":["Meditate","Indignation","FlurryOfBlows"],"picked":"SKIP","floor":31}],"player_experience":1155337,"relics_obtained":[],"event_choices":[{"damage_healed":0.0,"max_hp_gain":0.0,"max_hp_loss":0.0,"gold_gain":0.0,"event_name":"Shining Light","player_choice":"Entered Light","floor":5.0,"gold_loss":0.0,"damage_taken":14.0,"cards_upgraded":["Eruption","CrushJoints"]},{"damage_healed":24.0,"max_hp_gain":0.0,"max_hp_loss":0.0,"gold_gain":0.0,"event_name":"Big Fish","player_choice":"Banana","floor":10.0,"gold_loss":0.0,"damage_taken":0.0},{"damage_healed":0.0,"max_hp_gain":0.0,"max_hp_loss":0.0,"gold_gain":75.0,"event_name":"World of Goop","player_choice":"Gather Gold","floor":12.0,"gold_loss":0.0,"damage_taken":11.0},{"damage_healed":0.0,"max_hp_gain":0.0,"max_hp_loss":0.0,"gold_gain":0.0,"event_name":"Nest","player_choice":"Joined the Cult","floor":24.0,"gold_loss":0.0,"damage_taken":6.0,"cards_obtained":["RitualDagger"]},{"damage_healed":0,"gold_gain":0,"player_choice":"Read","damage_taken":0,"max_hp_gain":0,"max_hp_loss":0,"event_name":"The Library","floor":30,"gold_loss":0,"cards_obtained":["TalkToTheHand"]}],"is_beta":false,"boss_relics":[{"not_picked":["Fusion Hammer","Coffee Dripper","Runic Pyramid"]}],"items_purged_floors":[13,20,22],"is_endless":false,"potions_floor_spawned":[2,7,14,21,27],"killed_by":"Automaton","ascension_level":0}