{"gold_per_floor":[110,128,148,4,4,4,4,4,4,4,28,28,41,57,57,176,176,196,275,263,93,108,108,144,69,69,69,85,108,148,171,171,290,290,310,3,21,21,36,36,67,85,85,85,85,109,128,149,149,149],"floor_reached":51,"playtime":3018,"items_purged":["Strike_G","Pain","Dagger Throw"],"score":1010,"play_id":"f1514f89-1463-4144-ba24-f2463c83967e","local_time":"20230823190108","is_ascension_mode":true,"campfire_choices":[{"data":"Neutralize","floor":6,"key":"SMITH"},{"data":"Deadly Poison","floor":8,"key":"SMITH"},{"data":"Footwork","floor":10,"key":"SMITH"},{"data":"Backflip","floor":15,"key":"SMITH"},{"data":"Venomology","floor":23,"key":"SMITH"},{"data":"Deadly Poison","floor":27,"key":"SMITH"},{"data":"Bandage Up","floor":32,"key":"SMITH"},{"data":"Footwork","floor":40,"key":"SMITH"},{"floor":45,"key":"REST"},{"floor":49,"key":"REST"}],"neow_cost":"NONE","seed_source_timestamp":1270687298224800,"circlet_count":0,"master_deck":["Defend_G","Defend_G","Defend_G","Defend_G","Survivor","Neutralize+1","Bandage Up+1","Backflip+1","Deadly Poison+1","Dagger Spray","Footwork+1","Backflip","Escape Plan","Venomology+1","Caltrops","Crippling Poison","Caltrops+1","Deadly Poison+1","Clumsy","Caltrops+1","Backflip+1","Distraction+1","Venomology+1","Footwork+1","Poisoned Stab+1","Escape Plan+1","Backflip+1","PiercingWail+1","Escape Plan+1","Poisoned Stab+1"],"relics":["Ring of the Snake","Golden Idol","Letter Opener","Cursed Key","White Beast Statue","Molten Egg 2","Toxic Egg 2","Blue Candle","Empty Cage","Ornamental Fan","Bottled Tornado","Spirit Poop"],"potions_floor_usage":[15,18,20,20,22,22,24,24,28,29,29,30,30,30,33,33,33,39,39,41,41,42,42,42,46,46,46,47,47,48,48,48,50,50,50],"damage_taken":[{"damage":0,"enemies":"Cultist","floor":1,"turns":3},{"damage":0,"enemies":"2 Louse","floor":2,"turns":4},{"damage":7,"enemies":"Jaw Worm","floor":3,"turns":5},{"damage":0,"enemies":"Blue Slaver","floor":11,"turns":5},{"damage":0,"enemies":"Gremlin Gang","floor":13,"turns":6},{"damage":0,"enemies":"Red Slaver","floor":14,"turns":4},{"damage":22,"enemies":"Hexaghost","floor":16,"turns":11},{"damage":4,"enemies":"Spheric Guardian","floor":18,"turns":7},{"damage":8,"enemies":"2 Thieves","floor":20,"turns":4},{"damage":4,"enemies":"Snecko","floor":22,"turns":6},{"damage":7,"enemies":"Book of Stabbing","floor":24,"turns":5},{"damage":8,"enemies":"Snake Plant","floor":28,"turns":3},{"damage":8,"enemies":"3 Cultists","floor":29,"turns":4},{"damage":10,"enemies":"Slavers","floor":30,"turns":3},{"damage":0,"enemies":"Centurion and Healer","floor":31,"turns":7},{"damage":24,"enemies":"Automaton","floor":33,"turns":9},{"damage":22,"enemies":"3 Darklings","floor":35,"turns":5},{"damage":15,"enemies":"3 Shapes","floor":37,"turns":3},{"damage":2,"enemies":"Writhing Mass","floor":39,"turns":6},{"damage":44,"enemies":"Nemesis","floor":41,"turns":7},{"damage":2,"enemies":"Transient","floor":42,"turns":5},{"damage":5,"enemies":"Spire Growth","floor":46,"turns":6},{"damage":12,"enemies":"4 Shapes","floor":47,"turns":4},{"damage":0,"enemies":"Transient","floor":48,"turns":5},{"damage":2,"enemies":"Awakened One","floor":50,"turns":16}],"seed_played":"-6635051833031670970","potions_obtained":[{"floor":2,"key":"Ancient Potion"},{"floor":11,"key":"SpeedPotion"},{"floor":13,"key":"Fruit Juice"},{"floor":16,"key":"Block Potion"},{"floor":20,"key":"PowerPotion"},{"floor":22,"key":"Poison Potion"},{"floor":24,"key":"AttackPotion"},{"floor":29,"key":"PowerPotion"},{"floor":30,"key":"Strength Potion"},{"floor":31,"key":"AttackPotion"},{"floor":33,"key":"CunningPotion"},{"floor":35,"key":"DuplicationPotion"},{"floor":37,"key":"Fire Potion"},{"floor":39,"key":"Dexterity Potion"},{"floor":42,"key":"ColorlessPotion"},{"floor":46,"key":"SpeedPotion"},{"floor":48,"key":"LiquidMemories"}],"is_trial":false,"path_per_floor":["M","M","M","$","?","R","$","R","T","R","M","?","M","M","R","B",null,"M","T","M","$","M","R","E","?","T","R","M","M","E","M","R","B",null,"M","$","M","?","M","R","E","M","T","?","R","M","M","M","R","B",null],"character_chosen":"THE_SILENT","items_purchased":["Footwork","Crippling Poison","Footwork","Poisoned Stab+1","Escape Plan+1"],"campfire_rested":2,"item_purchase_floors":[4,21,36,36,36],"current_hp_per_floor":[67,70,67,67,50,50,50,50,50,50,54,54,58,62,67,49,69,69,69,65,65,65,65,62,62,62,62,58,54,48,52,52,34,65,49,49,40,40,44,44,6,16,16,16,38,39,33,39,61,65],"gold":149,"neow_bonus":"RANDOM_COLORLESS","is_prod":false,"is_daily":false,"chose_seed":false,"campfire_upgraded":8,"win_rate":0,"timestamp":1692842468,"path_taken":["M","?","M","$","?","R","$","R","T","R","M","?","?","M","R","BOSS","M","?","M","$","M","R","E","?","T","R","M","M","E","M","R","BOSS","M","$","M","?","M","R","E","M","T","?","R","M","M","?","R","BOSS"],"build_version":"2022-12-18","purchased_purges":3,"victory":true,"max_hp_per_floor":[70,70,70,70,70,70,70,70,70,70,70,70,70,70,75,75,75,75,75,75,75,75,75,75,75,75,75,75,75,75,75,75,75,75,75,75,75,75,75,75,75,75,75,75,75,75,75,75,75,75],"card_choices":[{"not_picked":["Finesse","Madness"],"picked":"Bandage Up","floor":0},{"not_picked":["Dagger Spray","Flying Knee"],"picked":"Backflip","floor":1},{"not_picked":["Dagger Spray","Backflip"],"picked":"Deadly Poison","floor":2},{"not_picked":["Skewer","Underhanded Strike"],"picked":"Dagger Spray","floor":3},{"not_picked":["Infinite Blades","Concentrate"],"picked":"Backflip","floor":11},{"not_picked":["Infinite Blades","Grand Finale"],"picked":"Escape Plan","floor":13},{"not_picked":["Backflip","Flying Knee","Dagger Spray"],"picked":"SKIP","floor":14},{"not_picked":["Adrenaline","Bullet Time"],"picked":"Venomology","floor":16},{"not_picked":["Concentrate","Calculated Gamble+1"],"picked":"Caltrops","floor":18},{"not_picked":["Bane","Dodge and Roll","Outmaneuver"],"picked":"SKIP","floor":20},{"not_picked":["Sucker Punch","Flying Knee"],"picked":"Caltrops+1","floor":22},{"not_picked":["Wraith Form v2","Sucker Punch+1"],"picked":"Deadly Poison","floor":24},{"not_picked":["Riddle With Holes+1","Sucker Punch+1"],"picked":"Caltrops+1","floor":28},{"not_picked":["Setup+1","Slice+1"],"picked":"Backflip+1","floor":29},{"not_picked":["Underhanded Strike+1","Concentrate+1","Bullet Time+1"],"picked":"SKIP","floor":30},{"not_picked":["Blade Dance+1","Outmaneuver+1"],"picked":"Distraction+1","floor":31},{"not_picked":["Doppelganger+1","Bullet Time+1"],"picked":"Venomology+1","floor":33},{"not_picked":["Dagger Spray+1","Slice+1","Choke+1"],"picked":"SKIP","floor":35},{"not_picked":["Concentrate+1","Blade Dance+1","Dagger Throw+1"],"picked":"SKIP","floor":37},{"not_picked":["Dagger Spray+1","Expertise+1","Well Laid Plans"],"picked":"SKIP","floor":39},{"not_picked":["Blade Dance+1","Underhanded Strike+1"],"picked":"Backflip+1","floor":41},{"not_picked":["Dagger Spray+1","Riddle With Holes+1"],"picked":"PiercingWail+1","floor":42},{"not_picked":["Wraith Form v2","Catalyst+1"],"picked":"Escape Plan+1","floor":46},{"not_picked":["Slice+1","Dagger Spray+1"],"picked":"Poisoned Stab+1","floor":47},{"not_picked":["Bane+1","Cloak And Dagger+1","Quick Slash+1"],"picked":"SKIP","floor":48}],"player_experience":351464,"relics_obtained":[{"floor":9,"key":"Letter Opener"},{"floor":19,"key":"White Beast Statue"},{"floor":24,"key":"Molten Egg 2"},{"floor":26,"key":"Toxic Egg 2"},{"floor":30,"key":"Blue Candle"},{"floor":41,"key":"Ornamental Fan"},{"floor":43,"key":"Bottled Tornado"}],"event_choices":[{"damage_healed":0,"gold_gain":0,"player_choice":"Take Damage","damage_taken":17,"relics_obtained":["Golden Idol"],"max_hp_gain":0,"max_hp_loss":0,"event_name":"Golden Idol","floor":5,"gold_loss":0},{"damage_healed":0,"gold_gain":0,"cards_transformed":["Strike_G"],"player_choice":"Transformed","damage_taken":0,"max_hp_gain":0,"max_hp_loss":0,"event_name":"Transmorgrifier","floor":12,"gold_loss":0,"cards_obtained":["Dagger Throw"]},{"cards_removed":["Strike_G"],"damage_healed":0,"gold_gain":0,"player_choice":"Gave Gold","damage_taken":0,"max_hp_gain":0,"max_hp_loss":0,"event_name":"Beggar","floor":25,"gold_loss":75},{"cards_removed":["Defend_G"],"damage_healed":0,"gold_gain":0,"player_choice":"Removed Skill","damage_taken":0,"max_hp_gain":0,"max_hp_loss":0,"event_name":"Falling","floor":38,"gold_loss":0},{"cards_removed":["Shame"],"damage_healed":0,"gold_gain":0,"player_choice":"Offered Curse","damage_taken":0,"relics_obtained":["Spirit Poop"],"max_hp_gain":0,"max_hp_loss":0,"event_name":"Bonfire Elementals","floor":44,"gold_loss":0}],"is_beta":false,"boss_relics":[{"not_picked":["Snecko Eye","Sozu"],"picked":"Cursed Key"},{"not_picked":["Busted Crown","Black Star"],"picked":"Empty Cage"}],"items_purged_floors":[4,21,36],"is_endless":false,"potions_floor_spawned":[2,11,13,16,20,22,24,28,29,30,31,33,35,37,39,41,42,46,47,48],"ascension_level":9}