{"gold_per_floor":[113,125,135,235,253,278,278,293,293,29,60,14,14,30,30,128,128,147,158,185,185,185,185,201,201,224,224,244,65,76,106,106,210,210,226,226,101,117,127,154,154,49,74,88,120,120,151,163,163,163],"floor_reached":51,"playtime":3195,"items_purged":["Strike_G","Caltrops","Strike_G+1"],"score":1094,"play_id":"9b48230b-d98c-473c-8ae1-db7b40b401ec","local_time":"20230820020338","is_ascension_mode":true,"campfire_choices":[{"data":"Neutralize","floor":7,"key":"SMITH"},{"floor":13,"key":"REST"},{"data":"Footwork","floor":15,"key":"SMITH"},{"floor":23,"key":"REST"},{"floor":25,"key":"REST"},{"data":"Accuracy","floor":27,"key":"SMITH"},{"floor":32,"key":"REST"},{"floor":41,"key":"REST"},{"data":"Cloak And Dagger","floor":46,"key":"SMITH"},{"floor":49,"key":"REST"}],"neow_cost":"TEN_PERCENT_HP_LOSS","seed_source_timestamp":950246997469000,"circlet_count":0,"master_deck":["Strike_G+1","Defend_G","Defend_G","Defend_G","Defend_G","Defend_G","Survivor","Neutralize+1","Poisoned Stab","Blade Dance","PiercingWail","Bouncing Flask","Accuracy+1","Poisoned Stab","Cloak And Dagger+1","Footwork+1","Adrenaline","Blade Dance","Noxious Fumes+1","Prepared","Accuracy","Prepared","Venomology","Escape Plan","Terror+1","Cloak And Dagger","Adrenaline","Noxious Fumes+1"],"relics":["Ring of the Snake","Tiny Chest","Ginger","Whetstone","InkBottle","SlaversCollar","Red Mask","Snake Skull","PreservedInsect","Dead Branch","WristBlade","Oddly Smooth Stone","Bronze Scales","Art of War","Dream Catcher"],"potions_floor_usage":[6,16,20,20,20,33,39,40,40,44,45,47,47,48,48,50,50,50,50,50,50],"damage_taken":[{"damage":4,"enemies":"Cultist","floor":1,"turns":6},{"damage":0,"enemies":"Small Slimes","floor":2,"turns":4},{"damage":6,"enemies":"Jaw Worm","floor":3,"turns":4},{"damage":4,"enemies":"Blue Slaver","floor":5,"turns":4},{"damage":18,"enemies":"3 Sentries","floor":6,"turns":11},{"damage":0,"enemies":"2 Fungi Beasts","floor":8,"turns":4},{"damage":27,"enemies":"Gremlin Nob","floor":11,"turns":5},{"damage":0,"enemies":"Red Slaver","floor":14,"turns":4},{"damage":22,"enemies":"The Guardian","floor":16,"turns":10},{"damage":14,"enemies":"3 Byrds","floor":18,"turns":5},{"damage":2,"enemies":"Shell Parasite","floor":19,"turns":8},{"damage":26,"enemies":"Masked Bandits","floor":20,"turns":5},{"damage":10,"enemies":"Cultist and Chosen","floor":24,"turns":8},{"damage":0,"enemies":"Centurion and Healer","floor":28,"turns":6},{"damage":12,"enemies":"Snake Plant","floor":30,"turns":4},{"damage":0,"enemies":"Gremlin Leader","floor":31,"turns":4},{"damage":10,"enemies":"Champ","floor":33,"turns":7},{"damage":0,"enemies":"3 Shapes","floor":35,"turns":3},{"damage":7,"enemies":"3 Darklings","floor":38,"turns":4},{"damage":8,"enemies":"Writhing Mass","floor":39,"turns":7},{"damage":14,"enemies":"Nemesis","floor":40,"turns":3},{"damage":0,"enemies":"Sphere and 2 Shapes","floor":44,"turns":5},{"damage":0,"enemies":"Giant Head","floor":45,"turns":4},{"damage":0,"enemies":"Nemesis","floor":47,"turns":3},{"damage":11,"enemies":"Jaw Worm Horde","floor":48,"turns":4},{"damage":33,"enemies":"Awakened One","floor":50,"turns":9}],"seed_played":"-6129719579611473824","potions_obtained":[{"floor":1,"key":"Regen Potion"},{"floor":3,"key":"SkillPotion"},{"floor":5,"key":"Weak Potion"},{"floor":14,"key":"ColorlessPotion"},{"floor":16,"key":"DistilledChaos"},{"floor":24,"key":"Explosive Potion"},{"floor":28,"key":"DuplicationPotion"},{"floor":38,"key":"EntropicBrew"},{"floor":47,"key":"Strength Potion"}],"is_trial":false,"path_per_floor":["M","M","M","?","M","E","R","M","T","$","E","$","R","M","R","B",null,"M","M","?","T","?","R","M","R","T","R","M","$","M","E","R","B",null,"M","?","$","M","M","E","R","$","T","M","E","R","E","M","R","B",null],"character_chosen":"THE_SILENT","items_purchased":["Whetstone","Accuracy","Cloak And Dagger","Accuracy","Fruit Juice"],"campfire_rested":6,"item_purchase_floors":[10,10,12,29,42],"current_hp_per_floor":[59,59,53,53,49,31,31,31,31,31,4,4,22,22,22,15,51,37,35,9,9,3,21,11,29,29,29,29,29,17,17,35,25,54,54,54,54,47,39,25,43,43,43,48,48,48,48,37,57,24],"gold":163,"neow_bonus":"REMOVE_TWO","is_prod":false,"is_daily":false,"chose_seed":false,"campfire_upgraded":4,"win_rate":0,"timestamp":1692522218,"path_taken":["M","?","M","?","M","E","R","M","T","$","E","?","R","?","R","BOSS","M","M","?","?","?","R","M","R","T","R","M","$","M","E","R","BOSS","M","?","$","M","M","E","R","$","T","M","E","R","E","M","R","BOSS"],"build_version":"2022-12-18","purchased_purges":3,"victory":true,"max_hp_per_floor":[63,63,63,63,63,63,63,63,63,63,63,63,63,63,63,63,63,63,63,63,63,63,63,63,63,63,63,63,63,63,63,63,63,63,63,63,63,63,63,63,63,63,63,68,68,68,68,68,68,68],"card_choices":[{"not_picked":["Catalyst","Infinite Blades"],"picked":"Poisoned Stab","floor":1},{"not_picked":["Reflex","Prepared"],"picked":"Blade Dance","floor":2},{"not_picked":["Dagger Throw","Skewer"],"picked":"PiercingWail","floor":3},{"not_picked":["Dagger Spray","Dagger Throw"],"picked":"Caltrops","floor":5},{"not_picked":["Predator","Expertise","Masterful Stab"],"picked":"SKIP","floor":6},{"not_picked":["Sucker Punch","Eviscerate"],"picked":"Bouncing Flask","floor":8},{"not_picked":["Well Laid Plans","Flechettes"],"picked":"Poisoned Stab","floor":11},{"not_picked":["Blade Dance","Cloak And Dagger"],"picked":"Footwork","floor":14},{"not_picked":["Tools of the Trade","Burst"],"picked":"Adrenaline","floor":16},{"not_picked":["Bane","Dagger Spray","Quick Slash"],"picked":"SKIP","floor":18},{"not_picked":["Underhanded Strike","Dash","Choke+1"],"picked":"SKIP","floor":19},{"not_picked":["Flying Knee+1","Dodge and Roll+1"],"picked":"Blade Dance","floor":20},{"not_picked":["Finisher","Calculated Gamble"],"picked":"Noxious Fumes+1","floor":24},{"not_picked":["Predator+1","Reflex"],"picked":"Prepared","floor":28},{"not_picked":["Dagger Throw","Quick Slash","Bane+1"],"picked":"SKIP","floor":30},{"not_picked":["Grand Finale","Predator"],"picked":"Prepared","floor":31},{"not_picked":["Unload","Doppelganger"],"picked":"Venomology","floor":33},{"not_picked":["Dagger Spray+1","Dagger Throw","Bane+1"],"picked":"SKIP","floor":35},{"not_picked":["Underhanded Strike+1","Bouncing Flask+1","Prepared"],"picked":"SKIP","floor":38},{"not_picked":["Outmaneuver+1","Quick Slash+1","Riddle With Holes"],"picked":"SKIP","floor":39},{"not_picked":["Distraction","Setup"],"picked":"Escape Plan","floor":40},{"not_picked":["Dagger Throw+1","Blur","Slice"],"picked":"SKIP","floor":44},{"not_picked":["Dodge and Roll+1","Dash"],"picked":"Terror+1","floor":45},{"not_picked":["Prepared+1","Sucker Punch+1"],"picked":"Cloak And Dagger","floor":47},{"not_picked":["Deadly Poison+1","Acrobatics+1"],"picked":"Adrenaline","floor":48},{"not_picked":["Underhanded Strike+1","Dodge and Roll+1"],"picked":"Noxious Fumes+1","floor":49}],"player_experience":314287,"relics_obtained":[{"floor":6,"key":"Tiny Chest"},{"floor":9,"key":"Ginger"},{"floor":11,"key":"InkBottle"},{"floor":20,"key":"Red Mask"},{"floor":21,"key":"Snake Skull"},{"floor":26,"key":"PreservedInsect"},{"floor":31,"key":"Dead Branch"},{"floor":40,"key":"Oddly Smooth Stone"},{"floor":43,"key":"Bronze Scales"},{"floor":45,"key":"Art of War"},{"floor":47,"key":"Dream Catcher"}],"event_choices":[{"damage_healed":0,"gold_gain":100,"player_choice":"Pray","damage_taken":0,"max_hp_gain":0,"max_hp_loss":0,"event_name":"Golden Shrine","floor":4,"gold_loss":0},{"damage_healed":0,"gold_gain":0,"player_choice":"Fought Bandits","damage_taken":0,"max_hp_gain":0,"max_hp_loss":0,"event_name":"Masked Bandits","floor":20,"gold_loss":0},{"damage_healed":0,"gold_gain":0,"player_choice":"Damaged","damage_taken":6,"max_hp_gain":0,"max_hp_loss":0,"event_name":"Wheel of Change","floor":22,"gold_loss":0},{"damage_healed":0,"gold_gain":0,"player_choice":"Ignored","damage_taken":0,"max_hp_gain":0,"max_hp_loss":0,"event_name":"SecretPortal","floor":36,"gold_loss":0}],"is_beta":false,"boss_relics":[{"not_picked":["Snecko Eye","Velvet Choker"],"picked":"SlaversCollar"},{"not_picked":["Empty Cage","Cursed Key"],"picked":"WristBlade"}],"items_purged_floors":[10,29,37],"is_endless":false,"potions_floor_spawned":[1,3,5,14,16,24,28,38,44,47],"ascension_level":7}