{"gold_per_floor":[112,112,124,104,119,150,150,180,180,180,192,192,9,27,27,27],"floor_reached":16,"playtime":546,"items_purged":["Strike_G"],"score":176,"play_id":"0a3c540c-622c-46b1-ab2e-6d94c2582ee0","local_time":"20230827184149","is_ascension_mode":true,"campfire_choices":[{"data":"Neutralize","floor":7,"key":"SMITH"},{"data":"Poisoned Stab","floor":10,"key":"SMITH"},{"data":"Deadly Poison","floor":12,"key":"SMITH"},{"data":"Survivor","floor":15,"key":"SMITH"}],"neow_cost":"NONE","seed_source_timestamp":1617626184512800,"circlet_count":0,"master_deck":["AscendersBane","Strike_G","Strike_G","Strike_G","Strike_G","Defend_G","Defend_G","Defend_G","Defend_G","Defend_G","Survivor+1","Neutralize+1","Slice","Blade Dance","Adrenaline","Escape Plan","Poisoned Stab+1","Deadly Poison+1"],"relics":["Ring of the Snake","NeowsBlessing","Paper Crane","Gremlin Horn","InkBottle","Membership Card"],"potions_floor_usage":[6,8,8,16,16],"damage_taken":[{"damage":0,"enemies":"Jaw Worm","floor":1,"turns":1},{"damage":0,"enemies":"2 Louse","floor":3,"turns":1},{"damage":0,"enemies":"Cultist","floor":5,"turns":1},{"damage":29,"enemies":"Gremlin Nob","floor":6,"turns":5},{"damage":12,"enemies":"3 Sentries","floor":8,"turns":8},{"damage":0,"enemies":"Red Slaver","floor":11,"turns":4},{"damage":7,"enemies":"Exordium Wildlife","floor":14,"turns":4},{"damage":36,"enemies":"Slime Boss","floor":16,"turns":10}],"seed_played":"3830861759292518054","potions_obtained":[{"floor":1,"key":"SpeedPotion"},{"floor":4,"key":"GhostInAJar"},{"floor":6,"key":"Explosive Potion"},{"floor":11,"key":"Regen Potion"},{"floor":14,"key":"SkillPotion"}],"is_trial":false,"path_per_floor":["M","?","M","?","M","E","R","E","T","R","M","R","$","M","R","B"],"character_chosen":"THE_SILENT","items_purchased":["Membership Card"],"campfire_rested":0,"item_purchase_floors":[13],"current_hp_per_floor":[63,68,68,68,68,39,39,27,27,27,27,27,27,20,20,0],"gold":27,"neow_bonus":"THREE_ENEMY_KILL","is_prod":false,"is_daily":false,"chose_seed":false,"campfire_upgraded":4,"win_rate":0,"timestamp":1693186909,"path_taken":["M","?","M","?","M","E","R","E","T","R","?","R","?","M","R","BOSS"],"build_version":"2022-12-18","purchased_purges":1,"victory":false,"max_hp_per_floor":[70,75,75,75,75,75,75,75,75,75,75,75,75,75,75,75],"card_choices":[{"not_picked":["Flying Knee","Dagger Spray"],"picked":"Slice","floor":1},{"not_picked":["Dash","Blur"],"picked":"Blade Dance","floor":3},{"not_picked":["Catalyst","Concentrate"],"picked":"Adrenaline","floor":5},{"not_picked":["Outmaneuver","Masterful Stab"],"picked":"Escape Plan","floor":6},{"not_picked":["Backflip","Skewer"],"picked":"Poisoned Stab","floor":8},{"not_picked":["Skewer","Terror"],"picked":"Deadly Poison","floor":11},{"not_picked":["Dash","Flying Knee","Blade Dance"],"picked":"SKIP","floor":14}],"player_experience":401821,"relics_obtained":[{"floor":6,"key":"Paper Crane"},{"floor":8,"key":"Gremlin Horn"},{"floor":9,"key":"InkBottle"}],"event_choices":[{"damage_healed":0,"gold_gain":0,"player_choice":"Donut","damage_taken":0,"max_hp_gain":5,"max_hp_loss":0,"event_name":"Big Fish","floor":2,"gold_loss":0},{"damage_healed":0,"gold_gain":0,"player_choice":"Bought 1 Potion","damage_taken":0,"max_hp_gain":0,"max_hp_loss":0,"event_name":"The Woman in Blue","floor":4,"gold_loss":0}],"is_beta":false,"boss_relics":[],"items_purged_floors":[13],"is_endless":false,"potions_floor_spawned":[1,6,11,14],"killed_by":"Slime Boss","ascension_level":12}