{"gold_per_floor":[119,137,25,200,27,27,45,45,45,57,57,57,57,57,57,131,131,151,171,270,145,162,162,174,174,174,187,56,68,68,87,87,166,166,181,181,193,208,208,208,208,208,208,208,224,239,257,257,257,257],"floor_reached":51,"playtime":1704,"items_purged":["Strike_G","Doubt","Strike_G"],"score":1051,"play_id":"8f16dca0-d50a-492b-a3ed-b5a6bef3994a","local_time":"20230901235616","is_ascension_mode":true,"campfire_choices":[{"data":"Neutralize","floor":6,"key":"SMITH"},{"data":"Cloak And Dagger","floor":8,"key":"SMITH"},{"data":"Accuracy","floor":11,"key":"SMITH"},{"data":"Deflect","floor":15,"key":"SMITH"},{"data":"Phantasmal Killer","floor":23,"key":"SMITH"},{"data":"Terror","floor":25,"key":"SMITH"},{"floor":32,"key":"REST"},{"data":"After Image","floor":40,"key":"SMITH"},{"data":"Accuracy","floor":42,"key":"SMITH"},{"data":"PiercingWail","floor":44,"key":"SMITH"},{"data":"Blade Dance","floor":49,"key":"SMITH"}],"neow_cost":"TEN_PERCENT_HP_LOSS","seed_source_timestamp":2067346741665200,"circlet_count":0,"master_deck":["AscendersBane","Strike_G+1","Strike_G","Strike_G","Defend_G","Defend_G","Defend_G+1","Defend_G","Defend_G","Survivor","Neutralize+1","Cloak And Dagger+1","Deflect+1","Accuracy+1","Infinite Blades+1","Terror+1","Phantasmal Killer+1","Cloak And Dagger+1","PiercingWail+1","Cloak And Dagger+1","Accuracy+1","Blade Dance+1","Prepared","Prepared+1","After Image+1","Blade Dance","Blade Dance+1","Backflip+1"],"relics":["Ring of the Serpent","Girya","Meat on the Bone","StrikeDummy","Lizard Tail","Shuriken","Sozu","War Paint","Ornamental Fan"],"potions_floor_usage":[16,22,50],"damage_taken":[{"damage":1,"enemies":"Cultist","floor":1,"turns":6},{"damage":11,"enemies":"Jaw Worm","floor":2,"turns":5},{"damage":6,"enemies":"2 Louse","floor":7,"turns":4},{"damage":0,"enemies":"Blue Slaver","floor":10,"turns":5},{"damage":5,"enemies":"Hexaghost","floor":16,"turns":9},{"damage":11,"enemies":"Spheric Guardian","floor":18,"turns":4},{"damage":3,"enemies":"Shell Parasite","floor":19,"turns":5},{"damage":2,"enemies":"Snake Plant","floor":22,"turns":4},{"damage":0,"enemies":"Cultist and Chosen","floor":24,"turns":6},{"damage":12,"enemies":"Snecko","floor":27,"turns":4},{"damage":13,"enemies":"Shelled Parasite and Fungi","floor":29,"turns":4},{"damage":11,"enemies":"Snake Plant","floor":31,"turns":3},{"damage":5,"enemies":"Automaton","floor":33,"turns":6},{"damage":0,"enemies":"3 Darklings","floor":35,"turns":4},{"damage":3,"enemies":"Orb Walker","floor":37,"turns":3},{"damage":2,"enemies":"Maw","floor":38,"turns":3},{"damage":0,"enemies":"Writhing Mass","floor":45,"turns":4},{"damage":2,"enemies":"Jaw Worm Horde","floor":46,"turns":3},{"damage":0,"enemies":"4 Shapes","floor":47,"turns":4},{"damage":61,"enemies":"Time Eater","floor":50,"turns":7}],"seed_played":"7622907393961069610","potions_obtained":[{"floor":2,"key":"FearPotion"},{"floor":7,"key":"ColorlessPotion"},{"floor":16,"key":"Weak Potion"},{"floor":18,"key":"Block Potion"},{"floor":22,"key":"CultistPotion"},{"floor":33,"key":"DistilledChaos"}],"is_trial":false,"path_per_floor":["M","M","$","?","$","R","M","R","T","M","R","T","?","?","R","B",null,"M","M","?","$","M","R","M","R","T","M","$","M","?","M","R","B",null,"M","?","M","M","?","R","?","R","T","R","M","M","M","?","R","B",null],"character_chosen":"THE_SILENT","items_purchased":["Accuracy","Infinite Blades","Accuracy","Blade Dance","Prepared"],"campfire_rested":1,"item_purchase_floors":[3,5,28,28,28],"current_hp_per_floor":[58,47,47,47,47,47,41,41,41,41,41,41,29,29,29,36,54,43,40,40,40,38,38,38,38,38,38,38,37,37,38,56,51,58,58,57,54,52,52,52,52,52,52,52,52,50,50,50,50,40],"gold":257,"neow_bonus":"ONE_RARE_RELIC","is_prod":false,"is_daily":false,"chose_seed":false,"campfire_upgraded":10,"win_rate":0,"timestamp":1693637776,"path_taken":["M","M","$","?","$","R","M","R","T","M","R","?","?","?","R","BOSS","M","M","?","$","M","R","M","R","T","M","$","M","?","M","R","BOSS","M","?","M","M","?","R","?","R","T","R","M","?","M","?","R","BOSS"],"build_version":"2022-12-18","purchased_purges":3,"victory":true,"max_hp_per_floor":[60,60,60,60,60,60,60,60,60,60,60,60,60,60,60,60,60,60,60,60,60,60,60,60,60,60,60,60,60,60,60,60,60,60,60,57,57,57,57,57,57,57,57,57,57,57,57,57,57,57],"card_choices":[{"not_picked":["Backstab","Deadly Poison"],"picked":"Cloak And Dagger","floor":1},{"not_picked":["Flying Knee","Bane"],"picked":"Deflect","floor":2},{"not_picked":["Flechettes","Bane","Envenom"],"picked":"SKIP","floor":7},{"not_picked":["Bane","Skewer"],"picked":"Terror","floor":10},{"not_picked":["Corpse Explosion","Malaise"],"picked":"Phantasmal Killer","floor":16},{"not_picked":["Flying Knee","Outmaneuver"],"picked":"Cloak And Dagger+1","floor":18},{"not_picked":["Slice","Setup"],"picked":"PiercingWail","floor":19},{"not_picked":["Eviscerate","Grand Finale","Crippling Poison+1"],"picked":"SKIP","floor":22},{"not_picked":["Backstab","Slice+1"],"picked":"Cloak And Dagger+1","floor":24},{"not_picked":["Distraction","Heel Hook","Catalyst"],"picked":"SKIP","floor":27},{"not_picked":["Dagger Spray","Heel Hook+1","Backstab"],"picked":"SKIP","floor":29},{"not_picked":["Quick Slash+1","Bouncing Flask"],"picked":"Prepared+1","floor":31},{"not_picked":["Storm of Steel","Corpse Explosion"],"picked":"After Image","floor":33},{"not_picked":["Acrobatics","Sucker Punch+1"],"picked":"Blade Dance","floor":35},{"not_picked":["PiercingWail","Outmaneuver"],"picked":"Blade Dance","floor":37},{"not_picked":["Dagger Spray+1","Unload","Catalyst+1"],"picked":"SKIP","floor":38},{"not_picked":["Outmaneuver","Deflect","All Out Attack"],"picked":"SKIP","floor":45},{"not_picked":["Setup","Underhanded Strike"],"picked":"Backflip+1","floor":46},{"not_picked":["Heel Hook","Noxious Fumes","Backflip"],"picked":"SKIP","floor":47}],"player_experience":439032,"relics_obtained":[{"floor":9,"key":"Meat on the Bone"},{"floor":12,"key":"StrikeDummy"},{"floor":26,"key":"Shuriken"},{"floor":43,"key":"Ornamental Fan"}],"event_choices":[{"damage_healed":0,"gold_gain":175,"player_choice":"AGREE","damage_taken":0,"max_hp_gain":0,"max_hp_loss":0,"event_name":"Liars Game","floor":4,"gold_loss":0,"cards_obtained":["Doubt"]},{"damage_healed":0,"gold_gain":0,"player_choice":"Entered Light","damage_taken":12,"max_hp_gain":0,"max_hp_loss":0,"event_name":"Shining Light","floor":13,"gold_loss":0,"cards_upgraded":["Strike_G","Infinite Blades"]},{"damage_healed":0,"gold_gain":0,"player_choice":"Searched \u00271\u0027 times","damage_taken":0,"relics_obtained":["Lizard Tail"],"max_hp_gain":0,"max_hp_loss":0,"event_name":"Dead Adventurer","floor":14,"gold_loss":0},{"damage_healed":0,"gold_gain":99,"player_choice":"Stole From Cult","damage_taken":0,"max_hp_gain":0,"max_hp_loss":0,"event_name":"Nest","floor":20,"gold_loss":0},{"damage_healed":0,"gold_gain":0,"player_choice":"Ignored","damage_taken":0,"max_hp_gain":0,"max_hp_loss":0,"event_name":"Ghosts","floor":30,"gold_loss":0},{"damage_healed":0,"gold_gain":0,"player_choice":"Max HP","damage_taken":0,"max_hp_gain":0,"max_hp_loss":3,"event_name":"Winding Halls","floor":36,"gold_loss":0},{"damage_healed":0,"gold_gain":0,"player_choice":"Ignored","damage_taken":0,"max_hp_gain":0,"max_hp_loss":0,"event_name":"Tomb of Lord Red Mask","floor":39,"gold_loss":0},{"damage_healed":0,"gold_gain":0,"player_choice":"Gave Potion","damage_taken":0,"relics_obtained":["War Paint"],"max_hp_gain":0,"max_hp_loss":0,"event_name":"WeMeetAgain","floor":41,"gold_loss":0},{"damage_healed":0,"gold_gain":0,"player_choice":"Memory 1","damage_taken":0,"max_hp_gain":0,"max_hp_loss":0,"event_name":"SensoryStone","floor":48,"gold_loss":0}],"is_beta":false,"boss_relics":[{"not_picked":["Busted Crown","Calling Bell"],"picked":"Ring of the Serpent"},{"not_picked":["Coffee Dripper","Runic Pyramid"],"picked":"Sozu"}],"items_purged_floors":[3,5,21],"is_endless":false,"potions_floor_spawned":[2,7,16,18,22,33,38,46,47],"ascension_level":14}