{"gold_per_floor":[109,109,1,21,34,34,109,121,121,46,46,56,56,67,67,139,139,150,75,75,86,86,86,111,111,136,154,168,87,87,107,107,180,180,195,212,212,212,212,212,243,255,282,47,73,73,84,84,84,84],"floor_reached":51,"playtime":2219,"items_purged":["Strike_G"],"score":1297,"play_id":"2d2cec3e-ebd0-4792-9c22-2cbf3d6c7a17","local_time":"20230904151722","is_ascension_mode":true,"campfire_choices":[{"data":"Terror","floor":6,"key":"SMITH"},{"data":"Cloak And Dagger","floor":11,"key":"SMITH"},{"data":"Footwork","floor":13,"key":"SMITH"},{"data":"Neutralize","floor":15,"key":"SMITH"},{"data":"Storm of Steel","floor":23,"key":"SMITH"},{"data":"Bandage Up","floor":25,"key":"SMITH"},{"data":"Accuracy","floor":30,"key":"SMITH"},{"data":"PiercingWail","floor":32,"key":"SMITH"},{"data":"Finisher","floor":40,"key":"SMITH"},{"data":"Footwork","floor":46,"key":"SMITH"},{"data":"Footwork","floor":49,"key":"SMITH"}],"neow_cost":"NONE","seed_source_timestamp":2294901878569100,"circlet_count":0,"master_deck":["AscendersBane","Strike_G","Defend_G","Defend_G","Defend_G","Defend_G","Defend_G","Survivor","Neutralize+1","Cloak And Dagger","Bandage Up+1","Terror+1","Footwork+1","Cloak And Dagger+1","PiercingWail","Blade Dance","Storm of Steel+1","Cloak And Dagger+1","PiercingWail+1","Footwork+1","Accuracy+1","Venomology","Deflect","Finisher+1","Adrenaline","Cloak And Dagger+1","Footwork+1","Accuracy+1","Footwork+1"],"relics":["Ring of the Snake","Incense Burner","Coffee Dripper","Calipers","PreservedInsect","SacredBark","Pear","Toy Ornithopter","DollysMirror","Pocketwatch"],"potions_floor_usage":[16,16,24,35,35,36,36,41,42,47,47,50,50],"damage_taken":[{"damage":1,"enemies":"Cultist","floor":1,"turns":4},{"damage":9,"enemies":"Jaw Worm","floor":4,"turns":8},{"damage":2,"enemies":"2 Louse","floor":5,"turns":4},{"damage":0,"enemies":"2 Fungi Beasts","floor":8,"turns":4},{"damage":7,"enemies":"Red Slaver","floor":12,"turns":5},{"damage":4,"enemies":"Exordium Wildlife","floor":14,"turns":5},{"damage":16,"enemies":"Hexaghost","floor":16,"turns":15},{"damage":0,"enemies":"Chosen","floor":18,"turns":7},{"damage":0,"enemies":"3 Byrds","floor":21,"turns":6},{"damage":50,"enemies":"Gremlin Leader","floor":24,"turns":9},{"damage":5,"enemies":"Shelled Parasite and Fungi","floor":27,"turns":6},{"damage":1,"enemies":"Centurion and Healer","floor":28,"turns":9},{"damage":0,"enemies":"Snake Plant","floor":31,"turns":4},{"damage":11,"enemies":"Champ","floor":33,"turns":13},{"damage":0,"enemies":"3 Darklings","floor":35,"turns":4},{"damage":1,"enemies":"3 Shapes","floor":36,"turns":7},{"damage":23,"enemies":"Nemesis","floor":41,"turns":7},{"damage":0,"enemies":"Spire Growth","floor":42,"turns":4},{"damage":3,"enemies":"Giant Head","floor":45,"turns":7},{"damage":19,"enemies":"Jaw Worm Horde","floor":47,"turns":5},{"damage":18,"enemies":"Awakened One","floor":50,"turns":13}],"seed_played":"4985606492913452072","potions_obtained":[{"floor":1,"key":"Block Potion"},{"floor":5,"key":"BlessingOfTheForge"},{"floor":16,"key":"BlessingOfTheForge"},{"floor":24,"key":"Explosive Potion"},{"floor":31,"key":"Fire Potion"},{"floor":45,"key":"LiquidMemories"},{"floor":47,"key":"BlessingOfTheForge"}],"is_trial":false,"path_per_floor":["M","?","$","M","M","R","?","M","T","$","R","M","R","M","R","B",null,"M","?","?","M","?","R","E","R","T","M","M","$","R","M","R","B",null,"M","M","?","?","?","R","E","M","T","$","E","R","M","$","R","B",null],"character_chosen":"THE_SILENT","items_purchased":["Bandage Up","Accuracy","Footwork","DollysMirror"],"campfire_rested":0,"item_purchase_floors":[3,29,44,44],"current_hp_per_floor":[64,69,69,64,66,66,55,59,59,59,59,56,56,56,56,44,69,73,73,73,77,77,77,31,31,31,32,37,37,37,43,43,38,67,73,76,73,73,73,73,66,72,72,72,75,75,70,70,70,68],"gold":84,"neow_bonus":"TEN_PERCENT_HP_BONUS","is_prod":false,"is_daily":false,"chose_seed":false,"campfire_upgraded":11,"win_rate":0,"timestamp":1693865842,"path_taken":["M","?","$","M","M","R","?","M","T","?","R","M","R","M","R","BOSS","M","?","?","M","?","R","E","R","T","?","M","$","R","M","R","BOSS","M","M","?","?","?","R","E","?","T","$","E","R","M","$","R","BOSS"],"build_version":"2022-12-18","purchased_purges":1,"victory":true,"max_hp_per_floor":[72,77,77,77,77,77,77,77,77,77,77,77,77,77,77,77,77,77,77,77,77,77,77,77,77,77,77,77,77,77,77,77,77,77,77,77,73,73,73,73,83,83,83,83,83,83,83,83,83,83],"card_choices":[{"not_picked":["Acrobatics","Dagger Spray"],"picked":"Cloak And Dagger","floor":1},{"not_picked":["Slice","Dodge and Roll"],"picked":"Terror","floor":4},{"not_picked":["Predator","Backflip"],"picked":"Footwork","floor":5},{"not_picked":["Deflect","Underhanded Strike"],"picked":"Cloak And Dagger","floor":8},{"not_picked":["Malaise","Slice"],"picked":"PiercingWail","floor":12},{"not_picked":["PiercingWail","Underhanded Strike"],"picked":"Blade Dance","floor":14},{"not_picked":["Bullet Time","Corpse Explosion"],"picked":"Storm of Steel","floor":16},{"not_picked":["Sucker Punch","Riddle With Holes"],"picked":"Cloak And Dagger+1","floor":18},{"not_picked":["Predator","Backstab","Heel Hook"],"picked":"SKIP","floor":21},{"not_picked":["Dodge and Roll","Sucker Punch"],"picked":"PiercingWail","floor":24},{"not_picked":["Glass Knife","Dodge and Roll","Slice"],"picked":"SKIP","floor":27},{"not_picked":["Dagger Spray","Tactician"],"picked":"Footwork+1","floor":28},{"not_picked":["Bane","Riddle With Holes","Acrobatics"],"picked":"SKIP","floor":31},{"not_picked":["Bullet Time","Tools of the Trade"],"picked":"Venomology","floor":33},{"not_picked":["Eviscerate","Dagger Spray"],"picked":"Deflect","floor":35},{"not_picked":["Dodge and Roll","Heel Hook"],"picked":"Finisher","floor":36},{"not_picked":["Endless Agony","Deadly Poison"],"picked":"Cloak And Dagger+1","floor":41},{"not_picked":["Predator+1","Choke+1","Acrobatics"],"picked":"SKIP","floor":42},{"not_picked":["Heel Hook","Setup","Dodge and Roll"],"picked":"SKIP","floor":45},{"not_picked":["Cloak And Dagger","Skewer"],"picked":"Footwork","floor":47}],"player_experience":480507,"relics_obtained":[{"floor":9,"key":"Incense Burner"},{"floor":24,"key":"Calipers"},{"floor":26,"key":"PreservedInsect"},{"floor":41,"key":"Pear"},{"floor":43,"key":"Toy Ornithopter"},{"floor":45,"key":"Pocketwatch"}],"event_choices":[{"damage_healed":0,"gold_gain":0,"player_choice":"Donut","damage_taken":0,"max_hp_gain":5,"max_hp_loss":0,"event_name":"Big Fish","floor":2,"gold_loss":0},{"damage_healed":0,"gold_gain":75,"player_choice":"Gather Gold","damage_taken":11,"max_hp_gain":0,"max_hp_loss":0,"event_name":"World of Goop","floor":7,"gold_loss":0},{"cards_removed":["Strike_G"],"damage_healed":0,"gold_gain":0,"player_choice":"Gave Gold","damage_taken":0,"max_hp_gain":0,"max_hp_loss":0,"event_name":"Beggar","floor":19,"gold_loss":75},{"cards_removed":["Strike_G"],"damage_healed":0,"gold_gain":0,"player_choice":"Purged","damage_taken":0,"max_hp_gain":0,"max_hp_loss":0,"event_name":"Purifier","floor":22,"gold_loss":0},{"damage_healed":0,"gold_gain":0,"player_choice":"Max HP","damage_taken":0,"max_hp_gain":0,"max_hp_loss":4,"event_name":"Winding Halls","floor":37,"gold_loss":0},{"damage_healed":0,"gold_gain":0,"player_choice":"Ignored","damage_taken":0,"max_hp_gain":0,"max_hp_loss":0,"event_name":"Tomb of Lord Red Mask","floor":38,"gold_loss":0},{"damage_healed":0,"gold_gain":0,"cards_transformed":["Strike_G"],"player_choice":"Transformed","damage_taken":0,"max_hp_gain":0,"max_hp_loss":0,"event_name":"Transmorgrifier","floor":39,"gold_loss":0,"cards_obtained":["Adrenaline"]}],"is_beta":false,"boss_relics":[{"not_picked":["Black Star","HoveringKite"],"picked":"Coffee Dripper"},{"not_picked":["Runic Pyramid","Velvet Choker"],"picked":"SacredBark"}],"items_purged_floors":[10],"is_endless":false,"potions_floor_spawned":[1,5,16,24,31,45,47],"ascension_level":16}