{"gold_per_floor":[114,134,59,69,80,80,80,80,103,103,27,38,51,69,69,142,142,153,164,64,74,74,74,104,104,128,128,154,154,254,271,271,348,348,367,367,242,252,271,271,296,296,296,296,296,296,296,36,36,36],"floor_reached":51,"playtime":2265,"items_purged":["Strike_G","Strike_G","Strike_G+1","Strike_G+1"],"score":1281,"play_id":"273ff225-e844-40b7-9547-94caef09fc63","local_time":"20230911123034","is_ascension_mode":true,"campfire_choices":[{"data":"Glass Knife","floor":6,"key":"SMITH"},{"data":"Deadly Poison","floor":8,"key":"SMITH"},{"data":"All Out Attack","floor":10,"key":"SMITH"},{"data":"Footwork","floor":15,"key":"SMITH"},{"data":"Venomology","floor":23,"key":"SMITH"},{"data":"Neutralize","floor":25,"key":"SMITH"},{"data":"PiercingWail","floor":27,"key":"SMITH"},{"data":"Noxious Fumes","floor":32,"key":"SMITH"},{"data":"Malaise","floor":40,"key":"SMITH"},{"data":"Adrenaline","floor":42,"key":"SMITH"},{"data":"Backflip","floor":44,"key":"SMITH"},{"data":"Backflip","floor":47,"key":"SMITH"},{"data":"Survivor","floor":49,"key":"SMITH"}],"neow_cost":"NONE","seed_source_timestamp":127352091081100,"circlet_count":0,"master_deck":["AscendersBane","Defend_G+1","Defend_G+1","Defend_G+1","Defend_G+1","Defend_G+1","Survivor+1","Neutralize+1","Glass Knife+1","Deadly Poison+1","Dagger Throw","All Out Attack+1","Adrenaline+1","Footwork+1","PiercingWail+1","Backflip+1","Backflip+1","Venomology+1","Predator+1","Noxious Fumes+1","Malaise+1"],"special_seed":0,"relics":["Ring of the Serpent","Potion Belt","Bag of Marbles","Busted Crown","WingedGreaves","Bag of Preparation","Lizard Tail","Tingsha","Mercury Hourglass","Thread and Needle","Gremlin Horn","Omamori"],"potions_floor_usage":[18,19,24,24,24,30,30,30,31,33,33,38,39,41,41,50,50,50],"damage_taken":[{"damage":14.0,"enemies":"Jaw Worm","floor":1.0,"turns":4.0},{"damage":1.0,"enemies":"Cultist","floor":2.0,"turns":3.0},{"damage":0.0,"enemies":"2 Louse","floor":4.0,"turns":3.0},{"damage":0,"enemies":"2 Fungi Beasts","floor":5,"turns":2},{"damage":0,"enemies":"Looter","floor":12,"turns":3},{"damage":0,"enemies":"Lots of Slimes","floor":13,"turns":1},{"damage":0,"enemies":"Exordium Wildlife","floor":14,"turns":4},{"damage":13,"enemies":"Hexaghost","floor":16,"turns":11},{"damage":0,"enemies":"Chosen","floor":18,"turns":4},{"damage":0,"enemies":"3 Byrds","floor":19,"turns":2},{"damage":18,"enemies":"Centurion and Healer","floor":21,"turns":5},{"damage":1,"enemies":"Slavers","floor":24,"turns":4},{"damage":0,"enemies":"Gremlin Leader","floor":28,"turns":4},{"damage":0,"enemies":"Colosseum Slavers","floor":30,"turns":3},{"damage":6,"enemies":"Colosseum Nobs","floor":30,"turns":4},{"damage":0,"enemies":"Shelled Parasite and Fungi","floor":31,"turns":2},{"damage":11,"enemies":"Automaton","floor":33,"turns":9},{"damage":0,"enemies":"3 Shapes","floor":35,"turns":5},{"damage":4,"enemies":"3 Darklings","floor":38,"turns":3},{"damage":0,"enemies":"Maw","floor":39,"turns":7},{"damage":0,"enemies":"Mind Bloom Boss Battle","floor":41,"turns":5},{"damage":6,"enemies":"Time Eater","floor":50,"turns":15}],"seed_played":"5267881022911800583","potions_obtained":[{"floor":2.0,"key":"GhostInAJar"},{"floor":4.0,"key":"BlessingOfTheForge"},{"floor":12,"key":"AttackPotion"},{"floor":13,"key":"Explosive Potion"},{"floor":24,"key":"Block Potion"},{"floor":30,"key":"DistilledChaos"},{"floor":41,"key":"Fire Potion"}],"is_trial":false,"path_per_floor":["M","M","$","M","M","R","?","R","T","R","$","M","M","M","R","B",null,"M","M","$","M","?","R","E","R","T","R","E","?","?","M","R","B",null,"M","?","$","M","M","R","?","R","T","R","T","?","R","$","R","B",null],"character_chosen":"THE_SILENT","items_purchased":["Footwork","FairyPotion"],"campfire_rested":0,"item_purchase_floors":[11,48],"current_hp_per_floor":[45,44,44,44,44,44,44,44,44,44,44,44,44,44,44,31,57,57,57,57,39,39,39,50,50,50,50,50,50,44,44,44,33,58,58,58,58,54,54,54,54,54,54,54,54,54,54,54,54,48],"gold":36,"neow_bonus":"ONE_RANDOM_RARE_CARD","is_prod":false,"is_daily":false,"chose_seed":false,"campfire_upgraded":13,"win_rate":0,"timestamp":1694460634,"path_taken":["M","M","$","M","M","R","?","R","T","R","$","M","?","M","R","BOSS","M","M","$","M","?","R","E","R","T","R","E","?","?","M","R","BOSS","M","?","$","M","?","R","?","R","T","R","?","?","R","$","R","BOSS"],"build_version":"2022-12-18","purchased_purges":4,"victory":true,"max_hp_per_floor":[66,66,66,66,66,66,66,66,66,66,66,66,66,66,66,66,66,66,66,66,66,66,66,66,66,66,66,66,66,66,66,66,66,66,66,66,66,66,66,66,66,66,66,66,66,66,66,66,66,66],"card_choices":[{"not_picked":["Bane","Dagger Throw"],"picked":"Deadly Poison","floor":1.0},{"not_picked":["Flying Knee","Deflect"],"picked":"Dagger Throw","floor":2.0},{"not_picked":["Dagger Spray","Calculated Gamble"],"picked":"All Out Attack","floor":4.0},{"not_picked":["Dagger Spray","Poisoned Stab"],"picked":"Adrenaline","floor":5},{"not_picked":["Dagger Throw","Bouncing Flask"],"picked":"PiercingWail","floor":12},{"not_picked":["Glass Knife","Deadly Poison"],"picked":"Backflip","floor":13},{"not_picked":["Bane","Riddle With Holes"],"picked":"Backflip","floor":14},{"not_picked":["Corpse Explosion","Night Terror"],"picked":"Venomology","floor":16},{"not_picked":["Riddle With Holes"],"picked":"SKIP","floor":18},{"not_picked":[],"picked":"Predator+1","floor":19},{"not_picked":["Blade Dance"],"picked":"SKIP","floor":21},{"not_picked":["Masterful Stab+1"],"picked":"SKIP","floor":24},{"not_picked":[],"picked":"Noxious Fumes","floor":28},{"not_picked":["Deflect"],"picked":"SKIP","floor":31},{"not_picked":["Deflect"],"picked":"SKIP","floor":31},{"not_picked":[],"picked":"Malaise","floor":33},{"not_picked":["Backflip"],"picked":"SKIP","floor":35},{"not_picked":["Flying Knee+1"],"picked":"SKIP","floor":38},{"not_picked":["Predator+1"],"picked":"SKIP","floor":39}],"player_experience":549905,"relics_obtained":[{"floor":9,"key":"Bag of Marbles"},{"floor":24,"key":"WingedGreaves"},{"floor":26,"key":"Bag of Preparation"},{"floor":28,"key":"Lizard Tail"},{"floor":30,"key":"Tingsha"},{"floor":30,"key":"Mercury Hourglass"},{"floor":41,"key":"Thread and Needle"},{"floor":43,"key":"Gremlin Horn"},{"floor":45,"key":"Omamori"}],"event_choices":[{"damage_healed":0,"gold_gain":0,"player_choice":"Gave Potion","damage_taken":0,"relics_obtained":["Potion Belt"],"max_hp_gain":0,"max_hp_loss":0,"event_name":"WeMeetAgain","floor":7,"gold_loss":0},{"damage_healed":0,"gold_gain":0,"player_choice":"Simplicity","damage_taken":0,"max_hp_gain":0,"max_hp_loss":0,"event_name":"Back to Basics","floor":22,"gold_loss":0,"cards_upgraded":["Strike_G","Strike_G","Strike_G","Defend_G","Defend_G","Defend_G","Defend_G","Defend_G"]},{"damage_healed":0,"gold_gain":0,"player_choice":"Ignored","damage_taken":0,"max_hp_gain":0,"max_hp_loss":0,"event_name":"The Mausoleum","floor":29,"gold_loss":0},{"damage_healed":0,"gold_gain":0,"player_choice":"Fight","damage_taken":0,"max_hp_gain":0,"max_hp_loss":0,"event_name":"Colosseum","floor":30,"gold_loss":0},{"damage_healed":0,"gold_gain":0,"player_choice":"Fought Nobs","damage_taken":0,"max_hp_gain":0,"max_hp_loss":0,"event_name":"Colosseum","floor":30,"gold_loss":0},{"cards_removed":["Strike_G"],"damage_healed":0,"gold_gain":0,"player_choice":"Offered Basic","damage_taken":0,"max_hp_gain":0,"max_hp_loss":0,"event_name":"Bonfire Elementals","floor":36,"gold_loss":0},{"damage_healed":0,"gold_gain":0,"player_choice":"Fight","damage_taken":0,"max_hp_gain":0,"max_hp_loss":0,"event_name":"MindBloom","floor":41,"gold_loss":0},{"damage_healed":0,"gold_gain":0,"player_choice":"Ignored","damage_taken":0,"max_hp_gain":0,"max_hp_loss":0,"event_name":"Mysterious Sphere","floor":46,"gold_loss":0}],"is_beta":false,"boss_relics":[{"not_picked":["SlaversCollar","Runic Pyramid"],"picked":"Busted Crown"},{"not_picked":["Snecko Eye","Astrolabe"],"picked":"Ring of the Serpent"}],"items_purged_floors":[3,20,37,48],"is_endless":false,"potions_floor_spawned":[2,4,12,13,21,24,30,35,41],"ascension_level":18}