{"gold_per_floor":[113,125,125,136,156,156,187,187,187,207,207,218,229,229,229,307,307,282,207,257,276,295,295,295],"floor_reached":24,"playtime":1129,"items_purged":[],"score":370,"play_id":"c7923281-fca9-48fb-80fd-6668ef665823","local_time":"20230908221603","is_ascension_mode":true,"campfire_choices":[{"floor":6,"key":"REST"},{"data":"Finisher","floor":8,"key":"SMITH"},{"data":"Infinite Blades","floor":15,"key":"SMITH"},{"floor":23,"key":"REST"}],"neow_cost":"NONE","seed_source_timestamp":2666749296073000,"circlet_count":0,"master_deck":["AscendersBane","Strike_G","Strike_G","Strike_G","Defend_G","Defend_G","Defend_G","Defend_G","Defend_G","Survivor","Neutralize","Dagger Throw","Terror","Finisher+1","Infinite Blades+1","Deadly Poison","Noxious Fumes","Burst","Cloak And Dagger+1"],"relics":["Ring of the Snake","Bronze Scales","Bag of Preparation","Pantograph","Fusion Hammer"],"potions_floor_usage":[7,7,12,16,16,24],"damage_taken":[{"damage":2,"enemies":"Small Slimes","floor":1,"turns":4},{"damage":0,"enemies":"Cultist","floor":2,"turns":3},{"damage":0,"enemies":"2 Louse","floor":4,"turns":3},{"damage":30,"enemies":"Exordium Thugs","floor":5,"turns":7},{"damage":13,"enemies":"Gremlin Nob","floor":7,"turns":3},{"damage":0,"enemies":"Looter","floor":10,"turns":3},{"damage":0,"enemies":"Gremlin Gang","floor":12,"turns":3},{"damage":18,"enemies":"Exordium Thugs","floor":13,"turns":4},{"damage":8,"enemies":"Slime Boss","floor":16,"turns":7},{"damage":5,"enemies":"2 Thieves","floor":18,"turns":4},{"damage":11,"enemies":"Shell Parasite","floor":21,"turns":6},{"damage":12,"enemies":"Cultist and Chosen","floor":22,"turns":6},{"damage":50,"enemies":"Slavers","floor":24,"turns":5}],"seed_played":"4027311851090386040","potions_obtained":[{"floor":1,"key":"EntropicBrew"},{"floor":2,"key":"FearPotion"},{"floor":5,"key":"SteroidPotion"},{"floor":12,"key":"Strength Potion"},{"floor":22,"key":"Swift Potion"}],"is_trial":false,"path_per_floor":["M","M","?","M","M","R","E","R","T","M","?","M","M","?","R","B",null,"M","?","?","M","M","R","E"],"character_chosen":"THE_SILENT","items_purchased":[],"campfire_rested":2,"item_purchase_floors":[],"current_hp_per_floor":[57,57,57,57,27,46,33,33,33,33,33,33,15,15,15,32,58,53,53,53,42,30,49,0],"gold":295,"neow_bonus":"RANDOM_COMMON_RELIC","is_prod":false,"is_daily":false,"chose_seed":false,"campfire_upgraded":2,"win_rate":0,"timestamp":1694236563,"path_taken":["M","M","?","M","M","R","E","R","T","?","?","M","M","?","R","BOSS","M","?","?","M","?","R","E"],"build_version":"2022-12-18","purchased_purges":0,"victory":false,"max_hp_per_floor":[66,66,66,66,66,66,66,66,66,66,66,66,66,66,66,66,66,66,66,66,66,66,66,66],"card_choices":[{"not_picked":["Slice","Concentrate"],"picked":"Dagger Throw","floor":1},{"not_picked":["All Out Attack","Choke"],"picked":"Terror","floor":2},{"not_picked":["Tactician","Setup"],"picked":"Finisher","floor":4},{"not_picked":["Flying Knee","Masterful Stab","Endless Agony"],"picked":"SKIP","floor":5},{"not_picked":["Crippling Poison","Riddle With Holes","Dodge and Roll"],"picked":"SKIP","floor":7},{"not_picked":["Flying Knee","Backflip"],"picked":"Infinite Blades","floor":10},{"not_picked":["Dash","Underhanded Strike"],"picked":"Deadly Poison","floor":12},{"not_picked":["Outmaneuver","Well Laid Plans"],"picked":"Noxious Fumes","floor":13},{"not_picked":["Unload","Corpse Explosion"],"picked":"Burst","floor":16},{"not_picked":["Masterful Stab","Dagger Spray","Well Laid Plans"],"picked":"SKIP","floor":18},{"not_picked":["Caltrops","Setup","Dagger Spray"],"picked":"SKIP","floor":21},{"not_picked":["Finisher","Poisoned Stab"],"picked":"Cloak And Dagger+1","floor":22}],"player_experience":516145,"relics_obtained":[{"floor":7,"key":"Bag of Preparation"},{"floor":9,"key":"Pantograph"}],"event_choices":[{"cards_removed":["Strike_G"],"damage_healed":0,"gold_gain":0,"player_choice":"Offered Basic","damage_taken":0,"max_hp_gain":0,"max_hp_loss":0,"event_name":"Bonfire Elementals","floor":3,"gold_loss":0},{"damage_healed":0,"gold_gain":0,"player_choice":"Ignored","damage_taken":0,"max_hp_gain":0,"max_hp_loss":0,"event_name":"Liars Game","floor":11,"gold_loss":0},{"damage_healed":0,"gold_gain":0,"player_choice":"Ignored","damage_taken":0,"max_hp_gain":0,"max_hp_loss":0,"event_name":"Shining Light","floor":14,"gold_loss":0},{"cards_removed":["Strike_G"],"damage_healed":0,"gold_gain":0,"player_choice":"Gave Gold","damage_taken":0,"max_hp_gain":0,"max_hp_loss":0,"event_name":"Beggar","floor":19,"gold_loss":75},{"damage_healed":0,"gold_gain":50,"player_choice":"Pray","damage_taken":0,"max_hp_gain":0,"max_hp_loss":0,"event_name":"Golden Shrine","floor":20,"gold_loss":0}],"is_beta":false,"boss_relics":[{"not_picked":["Black Star","Astrolabe"],"picked":"Fusion Hammer"}],"items_purged_floors":[],"is_endless":false,"potions_floor_spawned":[1,2,5,10,12,22],"killed_by":"Slavers","ascension_level":17}