{"gold_per_floor":[110,121,54,7,18,18,45,45,117,141,141,48,73,73,73,193,193,206,50,69,69,69,103,103,138,138,179,179,195,95,113,113,238,238,263,278,293,293,313,346,346,381,381,74,74,99,99,135,135,135,135,135,10,41,41],"floor_reached":56,"playtime":3631,"items_purged":["Strike_G","Strike_G","Strike_G+1"],"score":1916,"play_id":"181bd1dd-8135-4438-82fe-fa364dc5b939","local_time":"20230926040615","is_ascension_mode":true,"campfire_choices":[{"data":"Dagger Spray","floor":6,"key":"SMITH"},{"floor":15,"key":"REST"},{"data":"Finisher","floor":24,"key":"SMITH"},{"data":"Well Laid Plans","floor":28,"key":"SMITH"},{"data":"Venomology","floor":32,"key":"SMITH"},{"floor":41,"key":"REST"},{"data":"After Image","floor":45,"key":"SMITH"},{"floor":49,"key":"RECALL"},{"data":"Panacea","floor":52,"key":"SMITH"}],"neow_cost":"PERCENT_DAMAGE","seed_source_timestamp":778244317147200,"circlet_count":0,"master_deck":["Defend_G","Defend_G","Defend_G","Defend_G","Survivor","Neutralize","Dagger Throw+1","Dagger Spray+1","Blade Dance","Blade Dance","Finisher+1","Blade Dance","Footwork","Deflect","Deflect","Venomology+1","Die Die Die","Backflip+1","Footwork","Well Laid Plans+1","Backflip+1","PiercingWail","Wraith Form v2","Acrobatics+1","Accuracy","Defend_P","Leg Sweep+1","After Image+1","Acrobatics","After Image","Panacea+1","Blur+1"],"relics":["Ring of the Snake","Torii","FossilizedHelix","InkBottle","Odd Mushroom","Dream Catcher","Golden Idol","SlaversCollar","Bag of Preparation","Whetstone","Darkstone Periapt","Shovel","Philosopher\u0027s Stone","Snake Skull","Shuriken","Eternal Feather","Potion Belt","DollysMirror","Ornamental Fan","Blood Vial"],"potions_floor_usage":[13,13,16,18,20,20,25,25,25,33,35,36,36,40,42,48,48,54,54,55,55,55,55,55,55],"damage_taken":[{"damage":0,"enemies":"Small Slimes","floor":1,"turns":5},{"damage":0,"enemies":"Cultist","floor":2,"turns":3},{"damage":0,"enemies":"2 Louse","floor":5,"turns":2},{"damage":23,"enemies":"Lagavulin","floor":7,"turns":6},{"damage":6,"enemies":"The Mushroom Lair","floor":10,"turns":3},{"damage":0,"enemies":"Gremlin Nob","floor":13,"turns":1},{"damage":16,"enemies":"The Guardian","floor":16,"turns":15},{"damage":2,"enemies":"Shell Parasite","floor":18,"turns":6},{"damage":0,"enemies":"2 Thieves","floor":20,"turns":3},{"damage":0,"enemies":"Gremlin Leader","floor":23,"turns":6},{"damage":1,"enemies":"Slavers","floor":25,"turns":3},{"damage":14,"enemies":"Gremlin Leader","floor":27,"turns":6},{"damage":0,"enemies":"Snecko","floor":29,"turns":6},{"damage":0,"enemies":"Centurion and Healer","floor":31,"turns":4},{"damage":0,"enemies":"Collector","floor":33,"turns":10},{"damage":0,"enemies":"Orb Walker","floor":35,"turns":3},{"damage":2,"enemies":"3 Darklings","floor":36,"turns":5},{"damage":45,"enemies":"Transient","floor":37,"turns":5},{"damage":0,"enemies":"Jaw Worm Horde","floor":39,"turns":3},{"damage":0,"enemies":"Giant Head","floor":40,"turns":7},{"damage":0,"enemies":"Reptomancer","floor":42,"turns":7},{"damage":0,"enemies":"Sphere and 2 Shapes","floor":46,"turns":5},{"damage":0,"enemies":"Nemesis","floor":48,"turns":7},{"damage":11,"enemies":"Time Eater","floor":50,"turns":11},{"damage":22,"enemies":"Shield and Spear","floor":54,"turns":8},{"damage":20,"enemies":"The Heart","floor":55,"turns":11}],"seed_played":"7338605853266913756","potions_obtained":[{"floor":7,"key":"AttackPotion"},{"floor":10,"key":"GamblersBrew"},{"floor":13,"key":"SneckoOil"},{"floor":16,"key":"Dexterity Potion"},{"floor":20,"key":"Explosive Potion"},{"floor":25,"key":"SteroidPotion"},{"floor":46,"key":"Strength Potion"},{"floor":54,"key":"Fire Potion"}],"is_trial":false,"path_per_floor":["M","M","?","$","M","R","E","T","T","?","?","$","E","?","R","B",null,"M","$","M","?","?","E","R","E","T","E","R","M","$","M","R","B",null,"M","M","M","?","M","E","R","E","T","$","R","M","?","E","R","B",null,"R","$","E","B",null],"character_chosen":"THE_SILENT","items_purchased":["Blade Dance","Footwork","Deflect","Footwork","Potion Belt","DollysMirror"],"campfire_rested":2,"item_purchase_floors":[4,12,12,19,44,44],"current_hp_per_floor":[45,45,45,45,45,45,22,22,22,16,16,16,16,16,35,19,54,52,52,52,52,52,52,52,51,51,37,37,37,37,37,37,37,58,58,56,11,11,11,11,30,30,30,30,48,48,48,62,65,54,62,65,65,43,25],"gold":41,"neow_bonus":"REMOVE_TWO","is_prod":false,"is_daily":false,"chose_seed":false,"campfire_upgraded":6,"win_rate":0,"timestamp":1695726375,"path_taken":["M","M","?","$","?","R","E","?","T","?","?","$","E","?","R","BOSS","M","$","M","?","?","E","R","E","T","E","R","M","?","M","R","BOSS","M","M","?","?","M","E","R","E","T","$","R","?","?","E","R","BOSS","R","$","E","BOSS"],"build_version":"2022-12-18","purchased_purges":3,"victory":true,"max_hp_per_floor":[70,70,70,70,70,70,70,70,70,70,70,70,70,65,65,65,65,65,65,65,65,65,65,65,65,65,65,65,65,65,65,65,65,65,65,65,65,65,65,65,65,65,65,65,65,65,65,65,65,65,65,65,65,65,65],"card_choices":[{"not_picked":["Escape Plan","Infinite Blades"],"picked":"Dagger Throw","floor":1},{"not_picked":["Dodge and Roll","Escape Plan"],"picked":"Dagger Spray","floor":2},{"not_picked":["Concentrate","Well Laid Plans"],"picked":"Blade Dance","floor":5},{"not_picked":["Calculated Gamble","Tactician"],"picked":"Finisher","floor":7},{"not_picked":["Dodge and Roll","Sucker Punch"],"picked":"Blade Dance","floor":10},{"not_picked":["Backstab","Sucker Punch"],"picked":"Deflect","floor":13},{"not_picked":["Slice","Dagger Spray"],"picked":"Venomology","floor":15},{"not_picked":["Unload","Corpse Explosion"],"picked":"Die Die Die","floor":16},{"not_picked":["Cloak And Dagger","Backstab"],"picked":"Backflip+1","floor":18},{"not_picked":["Choke","Slice"],"picked":"Well Laid Plans","floor":20},{"not_picked":["Dagger Spray+1","Quick Slash"],"picked":"Backflip+1","floor":23},{"not_picked":["Dodge and Roll","Quick Slash","Storm of Steel"],"picked":"SKIP","floor":25},{"not_picked":["Envenom","Predator"],"picked":"PiercingWail","floor":27},{"not_picked":["All Out Attack","Bane","Leg Sweep"],"picked":"SKIP","floor":29},{"not_picked":["Caltrops","Prepared","Sucker Punch"],"picked":"SKIP","floor":31},{"not_picked":["Doppelganger","Corpse Explosion"],"picked":"Wraith Form v2","floor":33},{"not_picked":["Slice","Endless Agony+1","Flying Knee+1"],"picked":"SKIP","floor":35},{"not_picked":["Well Laid Plans+1","Sucker Punch"],"picked":"Acrobatics+1","floor":36},{"not_picked":["Quick Slash","Deadly Poison+1"],"picked":"Accuracy","floor":37},{"not_picked":["Flying Knee+1","Slice+1"],"picked":"Leg Sweep+1","floor":39},{"not_picked":["Riddle With Holes","Choke"],"picked":"After Image","floor":40},{"not_picked":["Prepared","Dagger Throw+1"],"picked":"Acrobatics","floor":41},{"not_picked":["Dagger Spray+1","Eviscerate","Skewer+1"],"picked":"SKIP","floor":42},{"not_picked":["Finisher","Poisoned Stab+1","Accuracy"],"picked":"SKIP","floor":46},{"not_picked":["Deep Breath","Violence"],"picked":"Panacea","floor":47},{"not_picked":["Dagger Spray+1","Slice","Sucker Punch+1"],"picked":"SKIP","floor":48},{"not_picked":["Bouncing Flask+1","Storm of Steel"],"picked":"Blur+1","floor":54}],"player_experience":763592,"relics_obtained":[{"floor":7,"key":"FossilizedHelix"},{"floor":9,"key":"InkBottle"},{"floor":10,"key":"Odd Mushroom"},{"floor":13,"key":"Dream Catcher"},{"floor":23,"key":"Bag of Preparation"},{"floor":25,"key":"Whetstone"},{"floor":26,"key":"Darkstone Periapt"},{"floor":27,"key":"Shovel"},{"floor":40,"key":"Snake Skull"},{"floor":42,"key":"Shuriken"},{"floor":43,"key":"Eternal Feather"},{"floor":48,"key":"Ornamental Fan"},{"floor":54,"key":"Blood Vial"}],"event_choices":[{"damage_healed":0,"gold_gain":0,"player_choice":"Paid Gold","damage_taken":0,"relics_obtained":["Torii"],"max_hp_gain":0,"max_hp_loss":0,"event_name":"WeMeetAgain","floor":3,"gold_loss":67},{"damage_healed":0,"gold_gain":0,"player_choice":"Fought Mushrooms","damage_taken":0,"max_hp_gain":0,"max_hp_loss":0,"event_name":"Mushrooms","floor":10,"gold_loss":0},{"damage_healed":0,"gold_gain":0,"player_choice":"Ignored","damage_taken":0,"max_hp_gain":0,"max_hp_loss":0,"event_name":"Shining Light","floor":11,"gold_loss":0},{"damage_healed":0,"gold_gain":0,"player_choice":"Lose Max HP","damage_taken":0,"relics_obtained":["Golden Idol"],"max_hp_gain":0,"max_hp_loss":5,"event_name":"Golden Idol","floor":14,"gold_loss":0},{"damage_healed":0,"gold_gain":0,"player_choice":"Ignored","damage_taken":0,"max_hp_gain":0,"max_hp_loss":0,"event_name":"Ghosts","floor":21,"gold_loss":0},{"cards_removed":["Strike_G"],"damage_healed":0,"gold_gain":0,"player_choice":"Took Card","damage_taken":0,"max_hp_gain":0,"max_hp_loss":0,"event_name":"NoteForYourself","floor":38,"gold_loss":0,"cards_obtained":["Defend_P"]},{"damage_healed":0,"gold_gain":0,"player_choice":"Memory 1","damage_taken":0,"max_hp_gain":0,"max_hp_loss":0,"event_name":"SensoryStone","floor":47,"gold_loss":0}],"is_beta":false,"boss_relics":[{"not_picked":["Fusion Hammer","Calling Bell"],"picked":"SlaversCollar"},{"not_picked":["Velvet Choker","Sozu"],"picked":"Philosopher\u0027s Stone"}],"items_purged_floors":[19,30,53],"is_endless":false,"potions_floor_spawned":[7,10,13,16,20,25,33,35,37,46,54],"ascension_level":9}