{"gold_per_floor":[119,133,9,19,19,19,29,29,29,4,37,37,65,84,84,187,187,174,174,194,43,59,59,93,107,107,107,124,152,152,187,187,291,291,309,309,322,544,594,627,627,654,702,702,716,202,217,233,233,233,233,233,28,62,62],"floor_reached":56,"playtime":4626,"items_purged":["Strike_G","Defend_G"],"score":1639,"play_id":"bd5f6d05-5b12-4067-88db-ef82aa8efdf6","local_time":"20230923022712","is_ascension_mode":true,"campfire_choices":[{"data":"Dagger Spray","floor":6,"key":"SMITH"},{"data":"Quick Slash","floor":8,"key":"SMITH"},{"data":"Neutralize","floor":15,"key":"SMITH"},{"data":"Footwork","floor":23,"key":"SMITH"},{"data":"Dash","floor":27,"key":"SMITH"},{"data":"Backflip","floor":30,"key":"SMITH"},{"floor":32,"key":"REST"},{"data":"After Image","floor":41,"key":"SMITH"},{"floor":49,"key":"RECALL"},{"data":"Well Laid Plans","floor":52,"key":"SMITH"}],"neow_cost":"PERCENT_DAMAGE","seed_source_timestamp":512087189062700,"circlet_count":0,"master_deck":["Defend_G","Defend_G","Survivor","Neutralize+1","Backstab","Dagger Spray+1","Backflip+1","Quick Slash+1","Slice","Escape Plan+1","Dash+1","PiercingWail+1","Malaise+1","Blade Dance+1","Footwork+1","Calculated Gamble+1","Expertise+1","Outmaneuver+1","Acrobatics+1","Acrobatics+1","Prepared+1","Dodge and Roll+1","Cloak And Dagger+1","Deadly Poison+1","After Image+1","Acrobatics+1","All Out Attack+1","PiercingWail+1","Reflex+1","Madness+1","Madness+1","Poisoned Stab+1","Blade Dance+1","Backflip+1","Well Laid Plans+1","Calculated Gamble+1","Deadly Poison+1","Caltrops+1"],"relics":["Ring of the Snake","Toxic Egg 2","Incense Burner","Ancient Tea Set","SlaversCollar","Orrery","Snake Skull","White Beast Statue","Red Mask","Toy Ornithopter","Astrolabe","Shovel","Dream Catcher","Meat on the Bone","Bottled Lightning","Medical Kit","Nunchaku","Oddly Smooth Stone","Tingsha"],"potions_floor_usage":[11,13,18,24,28,33,37,39,45,50,55,55],"damage_taken":[{"damage":1,"enemies":"Jaw Worm","floor":1,"turns":6},{"damage":5,"enemies":"Cultist","floor":2,"turns":5},{"damage":0,"enemies":"Small Slimes","floor":4,"turns":3},{"damage":4,"enemies":"Exordium Thugs","floor":7,"turns":5},{"damage":8,"enemies":"Gremlin Nob","floor":11,"turns":3},{"damage":12,"enemies":"Lagavulin","floor":13,"turns":4},{"damage":0,"enemies":"Blue Slaver","floor":14,"turns":2},{"damage":7,"enemies":"The Guardian","floor":16,"turns":13},{"damage":5,"enemies":"2 Thieves","floor":18,"turns":4},{"damage":0,"enemies":"3 Byrds","floor":20,"turns":4},{"damage":15,"enemies":"Centurion and Healer","floor":22,"turns":7},{"damage":0,"enemies":"Slavers","floor":24,"turns":4},{"damage":4,"enemies":"Shelled Parasite and Fungi","floor":25,"turns":7},{"damage":14,"enemies":"Snecko","floor":28,"turns":6},{"damage":24,"enemies":"Masked Bandits","floor":29,"turns":5},{"damage":0,"enemies":"Gremlin Leader","floor":31,"turns":6},{"damage":24,"enemies":"Champ","floor":33,"turns":14},{"damage":10,"enemies":"3 Darklings","floor":35,"turns":5},{"damage":0,"enemies":"Orb Walker","floor":37,"turns":4},{"damage":0,"enemies":"Mind Bloom Boss Battle","floor":39,"turns":7},{"damage":3,"enemies":"Giant Head","floor":40,"turns":8},{"damage":17,"enemies":"Nemesis","floor":42,"turns":7},{"damage":38,"enemies":"Transient","floor":45,"turns":5},{"damage":0,"enemies":"Jaw Worm Horde","floor":47,"turns":4},{"damage":0,"enemies":"Maw","floor":48,"turns":7},{"damage":22,"enemies":"Time Eater","floor":50,"turns":13},{"damage":0,"enemies":"Shield and Spear","floor":54,"turns":7},{"damage":34,"enemies":"The Heart","floor":55,"turns":9}],"seed_played":"4493694652147679190","potions_obtained":[{"floor":1,"key":"Poison Potion"},{"floor":16,"key":"ColorlessPotion"},{"floor":22,"key":"PowerPotion"},{"floor":24,"key":"FairyPotion"},{"floor":25,"key":"Regen Potion"},{"floor":28,"key":"GamblersBrew"},{"floor":29,"key":"SteroidPotion"},{"floor":33,"key":"PowerPotion"},{"floor":37,"key":"Fruit Juice"},{"floor":39,"key":"Fruit Juice"},{"floor":40,"key":"Energy Potion"},{"floor":45,"key":"PowerPotion"}],"is_trial":false,"path_per_floor":["M","M","$","M","?","R","M","R","T","$","E","?","E","M","R","B",null,"M","?","M","$","M","R","E","M","T","R","M","?","R","E","R","B",null,"M","?","M","?","?","E","R","E","T","T","M","$","M","M","R","B",null,"R","$","E","B",null],"character_chosen":"THE_SILENT","items_purchased":["Strength Potion","Slice","Orrery","Calculated Gamble+1","Deadly Poison+1","Medical Kit","Nunchaku","PowerPotion","Oddly Smooth Stone"],"campfire_rested":1,"item_purchase_floors":[3,10,21,46,46,46,46,53,53],"current_hp_per_floor":[44,39,39,39,39,39,35,35,35,35,27,50,38,38,38,31,60,55,49,49,49,34,34,34,30,30,30,31,7,7,7,28,9,55,45,36,46,46,56,53,53,36,36,36,15,15,27,39,39,34,69,69,69,69,45],"gold":62,"neow_bonus":"REMOVE_TWO","is_prod":false,"is_daily":false,"chose_seed":false,"campfire_upgraded":8,"win_rate":0,"timestamp":1695461232,"path_taken":["M","M","$","M","?","R","M","R","T","?","E","?","E","?","R","BOSS","M","?","M","?","M","R","E","M","T","R","M","?","R","E","R","BOSS","M","?","M","?","?","E","R","E","T","?","M","$","M","M","R","BOSS","R","$","E","BOSS"],"build_version":"2022-12-18","purchased_purges":2,"victory":true,"max_hp_per_floor":[70,70,70,70,70,70,70,70,70,70,70,70,70,70,70,70,70,70,70,70,70,70,70,70,70,70,70,70,70,70,70,70,70,70,70,70,75,75,80,80,80,80,80,80,80,80,80,80,80,80,80,80,80,80,80],"card_choices":[{"not_picked":["Well Laid Plans","Dagger Throw"],"picked":"Backstab","floor":1},{"not_picked":["Predator","Flying Knee"],"picked":"Dagger Spray","floor":2},{"not_picked":["Deadly Poison","Underhanded Strike"],"picked":"Backflip","floor":4},{"not_picked":["Cloak And Dagger","Dodge and Roll"],"picked":"Quick Slash","floor":7},{"not_picked":["Outmaneuver+1","Die Die Die"],"picked":"Escape Plan+1","floor":11},{"not_picked":["Poisoned Stab","Underhanded Strike"],"picked":"Dash","floor":13},{"not_picked":["Infinite Blades","Finisher"],"picked":"PiercingWail+1","floor":14},{"not_picked":["Corpse Explosion+1","Storm of Steel+1"],"picked":"Malaise+1","floor":16},{"not_picked":["Well Laid Plans","Slice+1"],"picked":"Blade Dance+1","floor":18},{"not_picked":["Bouncing Flask+1","Blade Dance+1"],"picked":"Footwork","floor":20},{"not_picked":["Sucker Punch","PiercingWail+1"],"picked":"Calculated Gamble+1","floor":21},{"not_picked":["Eviscerate+1","Riddle With Holes"],"picked":"Expertise+1","floor":21},{"not_picked":["Dagger Spray","Bane"],"picked":"Outmaneuver+1","floor":21},{"not_picked":["Outmaneuver+1","Escape Plan+1"],"picked":"Acrobatics+1","floor":21},{"not_picked":["Sucker Punch","Masterful Stab+1"],"picked":"Acrobatics+1","floor":22},{"not_picked":["Flying Knee","Predator"],"picked":"Prepared+1","floor":24},{"not_picked":["Slice","Deadly Poison+1","Caltrops"],"picked":"SKIP","floor":25},{"not_picked":["Catalyst+1","Die Die Die"],"picked":"Dodge and Roll+1","floor":28},{"not_picked":["Choke","Riddle With Holes"],"picked":"Cloak And Dagger+1","floor":29},{"not_picked":["Flying Knee","Quick Slash+1"],"picked":"Deadly Poison+1","floor":31},{"not_picked":["Burst+1","Malaise+1"],"picked":"After Image","floor":33},{"not_picked":["Deadly Poison+1","Sucker Punch+1"],"picked":"Reflex+1","floor":35},{"not_picked":["Cloak And Dagger+1","Slice"],"picked":"Poisoned Stab+1","floor":37},{"not_picked":["Dagger Throw","Heel Hook+1"],"picked":"Blade Dance+1","floor":39},{"not_picked":["Die Die Die","Flying Knee","Blade Dance+1"],"picked":"SKIP","floor":40},{"not_picked":["Flying Knee+1","Riddle With Holes+1"],"picked":"Backflip+1","floor":42},{"not_picked":["Dagger Spray","Acrobatics+1"],"picked":"Well Laid Plans","floor":45},{"not_picked":["Dagger Throw","Slice","PiercingWail+1"],"picked":"SKIP","floor":47},{"not_picked":["Bane","Poisoned Stab"],"picked":"Caltrops+1","floor":48},{"not_picked":["Riddle With Holes","Skewer","Deflect+1"],"picked":"SKIP","floor":54}],"player_experience":703775,"relics_obtained":[{"floor":9,"key":"Toxic Egg 2"},{"floor":11,"key":"Incense Burner"},{"floor":13,"key":"Ancient Tea Set"},{"floor":24,"key":"Snake Skull"},{"floor":26,"key":"White Beast Statue"},{"floor":29,"key":"Red Mask"},{"floor":31,"key":"Toy Ornithopter"},{"floor":39,"key":"Shovel"},{"floor":40,"key":"Dream Catcher"},{"floor":42,"key":"Meat on the Bone"},{"floor":44,"key":"Bottled Lightning"},{"floor":54,"key":"Tingsha"}],"event_choices":[{"cards_removed":["Defend_G"],"damage_healed":0,"gold_gain":0,"player_choice":"Purged","damage_taken":0,"max_hp_gain":0,"max_hp_loss":0,"event_name":"Purifier","floor":5,"gold_loss":0},{"damage_healed":23,"gold_gain":0,"player_choice":"Banana","damage_taken":0,"max_hp_gain":0,"max_hp_loss":0,"event_name":"Big Fish","floor":12,"gold_loss":0},{"damage_healed":0,"gold_gain":0,"player_choice":"","damage_taken":6,"max_hp_gain":0,"max_hp_loss":0,"event_name":"Knowing Skull","floor":19,"potions_obtained":[],"gold_loss":0,"cards_obtained":[]},{"damage_healed":0,"gold_gain":0,"player_choice":"Fought Bandits","damage_taken":0,"max_hp_gain":0,"max_hp_loss":0,"event_name":"Masked Bandits","floor":29,"gold_loss":0},{"damage_healed":0,"gold_gain":0,"player_choice":"Embrace Madness","damage_taken":9,"max_hp_gain":0,"max_hp_loss":0,"event_name":"Winding Halls","floor":36,"gold_loss":0,"cards_obtained":["Madness","Madness"]},{"damage_healed":0,"gold_gain":222,"player_choice":"Wore Mask","damage_taken":0,"max_hp_gain":0,"max_hp_loss":0,"event_name":"Tomb of Lord Red Mask","floor":38,"gold_loss":0},{"damage_healed":0,"gold_gain":0,"player_choice":"Fight","damage_taken":0,"max_hp_gain":0,"max_hp_loss":0,"event_name":"MindBloom","floor":39,"gold_loss":0}],"is_beta":false,"boss_relics":[{"not_picked":["Ring of the Serpent","Runic Pyramid"],"picked":"SlaversCollar"},{"not_picked":["Empty Cage","Black Star"],"picked":"Astrolabe"}],"items_purged_floors":[3,46],"is_endless":false,"potions_floor_spawned":[1,16,22,24,25,28,29,31,33,35,37,39,40,42,45,47,48,54],"ascension_level":6}