{"gold_per_floor":[113,113,128,148,161,161,195,195,219,237,237,237,88,117,117,216,216,235,235,415,425,439,439,439,439,439,439,457,457,457,471,471,572,572,586,199,199,219,234,263,277,277,277,296,323,323,342,359,359,359,359,359,108,134,134],"floor_reached":56,"playtime":2976,"items_purged":["Masterful Stab","Poisoned Stab+1"],"score":1599,"play_id":"8cd94a25-ed12-4cde-8063-34357418510c","local_time":"20230920225142","is_ascension_mode":true,"campfire_choices":[{"data":"Poisoned Stab","floor":6,"key":"SMITH"},{"data":"Finisher","floor":8,"key":"SMITH"},{"data":"Dagger Spray","floor":11,"key":"SMITH"},{"data":"Terror","floor":15,"key":"SMITH"},{"data":"RitualDagger","floor":23,"key":"SMITH"},{"data":"Blade Dance","floor":25,"key":"SMITH"},{"data":"Night Terror","floor":27,"key":"SMITH"},{"data":"Blade Dance","floor":29,"key":"SMITH"},{"data":"Caltrops","floor":32,"key":"SMITH"},{"data":"Well Laid Plans","floor":42,"key":"SMITH"},{"data":"Wraith Form v2","floor":46,"key":"SMITH"},{"floor":49,"key":"RECALL"},{"data":"Acrobatics","floor":52,"key":"SMITH"}],"neow_cost":"NONE","seed_source_timestamp":327977663534300,"circlet_count":0,"master_deck":["Defend_G","Defend_G","Defend_G","Survivor","Neutralize+1","Finisher+1","Dagger Spray+1","Slice","Blade Dance+1","Night Terror+1","Backflip","PiercingWail","Corpse Explosion","Terror+1","Adrenaline+1","Acrobatics+1","RitualDagger+1","Ghostly","Ghostly","Ghostly","Ghostly","Ghostly","Blade Dance+1","Caltrops+1","After Image","After Image+1","Escape Plan+1","Venomology+1","Accuracy+1","Acrobatics","Backflip","Well Laid Plans+1","PiercingWail","Blade Dance+1","Backflip+1","Wraith Form v2+1"],"relics":["Ring of the Snake","PreservedInsect","Lantern","Orrery","Regal Pillow","Empty Cage","Astrolabe","OrangePellets","Pantograph","Peace Pipe","Art of War","Happy Flower","Ice Cream"],"potions_floor_usage":[5,14,33,33,38,39,40,40,44,45,45,48,50,54,55,55,55,55,55],"damage_taken":[{"damage":0,"enemies":"2 Louse","floor":1,"turns":5},{"damage":0,"enemies":"Cultist","floor":3,"turns":3},{"damage":1,"enemies":"Jaw Worm","floor":4,"turns":4},{"damage":7,"enemies":"Gremlin Gang","floor":5,"turns":3},{"damage":2,"enemies":"Gremlin Nob","floor":7,"turns":3},{"damage":1,"enemies":"Blue Slaver","floor":10,"turns":3},{"damage":2,"enemies":"Lagavulin","floor":14,"turns":3},{"damage":39,"enemies":"Hexaghost","floor":16,"turns":8},{"damage":0,"enemies":"3 Byrds","floor":18,"turns":2},{"damage":0,"enemies":"Shell Parasite","floor":21,"turns":1},{"damage":0,"enemies":"Centurion and Healer","floor":22,"turns":5},{"damage":3,"enemies":"Shelled Parasite and Fungi","floor":28,"turns":5},{"damage":3,"enemies":"Snake Plant","floor":31,"turns":6},{"damage":5,"enemies":"Collector","floor":33,"turns":7},{"damage":0,"enemies":"3 Darklings","floor":35,"turns":7},{"damage":0,"enemies":"Orb Walker","floor":38,"turns":5},{"damage":18,"enemies":"Transient","floor":39,"turns":5},{"damage":3,"enemies":"Nemesis","floor":40,"turns":5},{"damage":0,"enemies":"Spire Growth","floor":41,"turns":3},{"damage":0,"enemies":"Maw","floor":44,"turns":7},{"damage":0,"enemies":"Giant Head","floor":45,"turns":5},{"damage":0,"enemies":"4 Shapes","floor":47,"turns":3},{"damage":6,"enemies":"Sphere and 2 Shapes","floor":48,"turns":7},{"damage":0,"enemies":"Donu and Deca","floor":50,"turns":10},{"damage":0,"enemies":"Shield and Spear","floor":54,"turns":4},{"damage":23,"enemies":"The Heart","floor":55,"turns":10}],"seed_played":"4808904426842778511","potions_obtained":[{"floor":1,"key":"Explosive Potion"},{"floor":3,"key":"EntropicBrew"},{"floor":7,"key":"Energy Potion"},{"floor":16,"key":"CunningPotion"},{"floor":18,"key":"PowerPotion"},{"floor":40,"key":"Fire Potion"},{"floor":41,"key":"LiquidMemories"},{"floor":45,"key":"SteroidPotion"}],"is_trial":false,"path_per_floor":["M","?","M","M","M","R","E","R","T","M","R","?","$","E","R","B",null,"M","?","?","M","M","R","?","R","T","R","M","R","?","M","R","B",null,"M","$","?","M","M","E","M","R","T","M","E","R","M","M","R","B",null,"R","$","E","B",null],"character_chosen":"THE_SILENT","items_purchased":["Orrery","Acrobatics","Backflip","Well Laid Plans","OrangePellets","Happy Flower"],"campfire_rested":0,"item_purchase_floors":[13,36,36,36,36,53],"current_hp_per_floor":[70,75,75,74,67,67,65,65,65,64,64,64,64,62,62,23,62,62,56,37,37,37,37,37,37,37,37,34,34,34,31,31,26,34,34,34,34,34,16,13,13,13,13,13,13,13,13,7,7,32,36,36,36,36,14],"gold":134,"neow_bonus":"UPGRADE_CARD","is_prod":false,"is_daily":false,"chose_seed":false,"campfire_upgraded":12,"win_rate":0,"timestamp":1695275502,"path_taken":["M","?","M","M","M","R","E","R","T","M","R","?","$","E","R","BOSS","M","?","?","?","M","R","?","R","T","R","M","R","?","?","R","BOSS","M","$","?","?","M","E","M","R","T","M","E","R","M","M","R","BOSS","R","$","E","BOSS"],"build_version":"2022-12-18","purchased_purges":2,"victory":true,"max_hp_per_floor":[70,75,75,75,75,75,75,75,75,75,75,75,75,75,75,75,75,75,75,75,75,75,75,37,37,37,37,37,37,37,37,37,37,37,37,37,37,37,37,37,37,37,37,37,37,37,37,37,37,37,37,37,37,37,37],"card_choices":[{"not_picked":["Concentrate","Underhanded Strike"],"picked":"Masterful Stab","floor":1},{"not_picked":["Dagger Spray","Expertise"],"picked":"Finisher","floor":3},{"not_picked":["Sucker Punch","Dodge and Roll"],"picked":"Poisoned Stab","floor":4},{"not_picked":["Deflect","Leg Sweep"],"picked":"Dagger Spray","floor":5},{"not_picked":["Prepared","Leg Sweep"],"picked":"Slice","floor":7},{"not_picked":["Distraction","Deflect","Bane"],"picked":"SKIP","floor":10},{"not_picked":["Bane","Outmaneuver"],"picked":"Blade Dance","floor":13},{"not_picked":["Deflect","Catalyst"],"picked":"Night Terror","floor":13},{"not_picked":["Acrobatics","Night Terror"],"picked":"Backflip","floor":13},{"not_picked":["Dagger Spray","Flying Knee"],"picked":"PiercingWail","floor":13},{"not_picked":["Deflect","Prepared"],"picked":"Corpse Explosion","floor":13},{"not_picked":["Poisoned Stab","Bouncing Flask"],"picked":"Terror","floor":14},{"not_picked":["Night Terror","Envenom"],"picked":"Adrenaline","floor":16},{"not_picked":["Outmaneuver","Dagger Spray+1"],"picked":"Acrobatics","floor":18},{"not_picked":["Poisoned Stab","Deflect","All Out Attack"],"picked":"SKIP","floor":21},{"not_picked":["Dagger Spray+1","Setup+1","Riddle With Holes"],"picked":"SKIP","floor":22},{"not_picked":["Dagger Spray","Deflect"],"picked":"Blade Dance","floor":28},{"not_picked":["Endless Agony","Crippling Poison","Infinite Blades+1"],"picked":"SKIP","floor":31},{"not_picked":["Night Terror","Bullet Time"],"picked":"After Image","floor":33},{"not_picked":["Footwork+1","Backstab"],"picked":"Accuracy+1","floor":35},{"not_picked":["Backstab","All Out Attack","Deadly Poison+1"],"picked":"SKIP","floor":38},{"not_picked":["Distraction","Poisoned Stab+1"],"picked":"PiercingWail","floor":39},{"not_picked":["Masterful Stab+1","Underhanded Strike"],"picked":"Blade Dance+1","floor":40},{"not_picked":["Distraction+1","Dodge and Roll+1"],"picked":"Backflip+1","floor":41},{"not_picked":["Riddle With Holes+1","Flechettes+1","Sucker Punch+1"],"picked":"SKIP","floor":44},{"not_picked":["Bane","Slice+1"],"picked":"Wraith Form v2","floor":45},{"not_picked":["Crippling Poison","Well Laid Plans","Flying Knee+1"],"picked":"SKIP","floor":47},{"not_picked":["Dagger Throw+1","Underhanded Strike+1","Terror+1"],"picked":"SKIP","floor":48},{"not_picked":["Infinite Blades","Sucker Punch+1","Deadly Poison+1"],"picked":"SKIP","floor":54}],"player_experience":688144,"relics_obtained":[{"floor":7,"key":"PreservedInsect"},{"floor":9,"key":"Lantern"},{"floor":14,"key":"Regal Pillow"},{"floor":40,"key":"Pantograph"},{"floor":43,"key":"Peace Pipe"},{"floor":45,"key":"Art of War"},{"floor":54,"key":"Ice Cream"}],"event_choices":[{"damage_healed":0,"gold_gain":0,"player_choice":"Donut","damage_taken":0,"max_hp_gain":5,"max_hp_loss":0,"event_name":"Big Fish","floor":2,"gold_loss":0},{"cards_removed":["Strike_G"],"damage_healed":0,"gold_gain":0,"player_choice":"Forget","damage_taken":0,"max_hp_gain":0,"max_hp_loss":0,"event_name":"Living Wall","floor":12,"gold_loss":0},{"damage_healed":0,"gold_gain":0,"player_choice":"Joined the Cult","damage_taken":6,"max_hp_gain":0,"max_hp_loss":0,"event_name":"Nest","floor":19,"gold_loss":0,"cards_obtained":["RitualDagger"]},{"damage_healed":0,"gold_gain":180,"player_choice":"GOLD GOLD ","damage_taken":19,"max_hp_gain":0,"max_hp_loss":0,"event_name":"Knowing Skull","floor":20,"potions_obtained":[],"gold_loss":0,"cards_obtained":[]},{"damage_healed":0,"gold_gain":0,"player_choice":"Became a Ghost","damage_taken":0,"max_hp_gain":0,"max_hp_loss":38,"event_name":"Ghosts","floor":24,"gold_loss":0,"cards_obtained":["Ghostly","Ghostly","Ghostly","Ghostly","Ghostly"]},{"damage_healed":0,"gold_gain":0,"cards_transformed":["Strike_G"],"player_choice":"Transformed","damage_taken":0,"max_hp_gain":0,"max_hp_loss":0,"event_name":"Transmorgrifier","floor":30,"gold_loss":0,"cards_obtained":["Caltrops"]},{"damage_healed":0,"gold_gain":0,"player_choice":"Upgraded","damage_taken":0,"max_hp_gain":0,"max_hp_loss":0,"event_name":"Upgrade Shrine","floor":37,"gold_loss":0,"cards_upgraded":["Adrenaline"]}],"is_beta":false,"boss_relics":[{"not_picked":["Pandora\u0027s Box","Snecko Eye"],"picked":"Empty Cage"},{"not_picked":["Tiny House","SacredBark"],"picked":"Astrolabe"}],"items_purged_floors":[36,53],"is_endless":false,"potions_floor_spawned":[1,3,7,16,18,21,31,40,41,45],"ascension_level":5}