{"gold_per_floor":[118,131,206,224,299,299,315,315,340,329,346,379,379,410,410,514,514,529,628,642,642,658,683,35,35,35,35,52,62,39,71,71,172,172,184,184,195,212,227,227],"floor_reached":40,"playtime":2356,"items_purged":["Strike_G"],"score":662,"play_id":"90efd51e-4795-4a24-a14f-ce3c3cd5d6bb","local_time":"20230924023057","is_ascension_mode":true,"campfire_choices":[{"data":"Glass Knife","floor":6,"key":"SMITH"},{"data":"Poisoned Stab","floor":8,"key":"SMITH"},{"data":"Bouncing Flask","floor":15,"key":"SMITH"},{"data":"Calculated Gamble","floor":25,"key":"SMITH"},{"data":"Venomology","floor":27,"key":"SMITH"},{"data":"Tactician","floor":32,"key":"SMITH"}],"neow_cost":"PERCENT_DAMAGE","seed_source_timestamp":601014992496300,"circlet_count":0,"master_deck":["Strike_G","Strike_G","Defend_G","Defend_G","Defend_G","Defend_G","Defend_G","Survivor","Neutralize","Glass Knife+1","Bouncing Flask+1","Poisoned Stab+1","Calculated Gamble+1","Backflip","Acrobatics","Storm of Steel","PiercingWail","Venomology+1","Dagger Spray+1","Tactician+1","Noxious Fumes","Acrobatics","Prepared+1","PiercingWail","Dagger Throw+1","Malaise","Reflex+1","Cloak And Dagger","Outmaneuver"],"relics":["Ring of the Serpent","PreservedInsect","Dream Catcher","Oddly Smooth Stone","HoveringKite","Ginger","TwistedFunnel","Ice Cream","Mummified Hand","Frozen Egg 2"],"potions_floor_usage":[16,20,22,23,28,28,31,31,31,33,33,37,37,38,40,40,40],"damage_taken":[{"damage":0,"enemies":"Cultist","floor":1,"turns":4},{"damage":1,"enemies":"2 Louse","floor":2,"turns":2},{"damage":0,"enemies":"Jaw Worm","floor":4,"turns":3},{"damage":0,"enemies":"Looter","floor":7,"turns":2},{"damage":2,"enemies":"Exordium Thugs","floor":10,"turns":4},{"damage":4,"enemies":"Lots of Slimes","floor":11,"turns":5},{"damage":13,"enemies":"Gremlin Nob","floor":12,"turns":3},{"damage":5,"enemies":"3 Sentries","floor":14,"turns":5},{"damage":0,"enemies":"Hexaghost","floor":16,"turns":8},{"damage":3,"enemies":"3 Byrds","floor":18,"turns":6},{"damage":2,"enemies":"Shell Parasite","floor":20,"turns":5},{"damage":4,"enemies":"Centurion and Healer","floor":22,"turns":8},{"damage":24,"enemies":"Gremlin Leader","floor":23,"turns":5},{"damage":3,"enemies":"Cultist and Chosen","floor":28,"turns":4},{"damage":0,"enemies":"Chosen and Byrds","floor":29,"turns":3},{"damage":5,"enemies":"Book of Stabbing","floor":31,"turns":3},{"damage":58,"enemies":"Automaton","floor":33,"turns":8},{"damage":7,"enemies":"3 Darklings","floor":35,"turns":4},{"damage":4,"enemies":"Orb Walker","floor":37,"turns":3},{"damage":29,"enemies":"Sphere and 2 Shapes","floor":38,"turns":9},{"damage":9,"enemies":"Jaw Worm Horde","floor":39,"turns":6},{"damage":25,"enemies":"Giant Head","floor":40,"turns":7}],"seed_played":"8718621629944741627","potions_obtained":[{"floor":1,"key":"SpeedPotion"},{"floor":7,"key":"FairyPotion"},{"floor":12,"key":"GamblersBrew"},{"floor":20,"key":"Poison Potion"},{"floor":31,"key":"LiquidMemories"},{"floor":38,"key":"Poison Potion"},{"floor":39,"key":"Regen Potion"}],"is_trial":false,"path_per_floor":["M","M","?","M","?","R","M","R","T","M","M","E","?","E","R","B",null,"M","?","M","?","M","E","$","R","T","R","M","M","$","E","R","B",null,"M","?","M","M","M","E"],"character_chosen":"THE_SILENT","items_purchased":["TwistedFunnel","Noxious Fumes","DuplicationPotion","Ice Cream","PiercingWail"],"campfire_rested":0,"item_purchase_floors":[24,24,24,24,30],"current_hp_per_floor":[45,44,33,33,26,26,26,26,26,24,20,7,7,2,2,2,53,50,50,48,48,44,20,20,20,20,20,17,17,17,12,12,21,58,51,51,47,18,9,0],"gold":227,"neow_bonus":"THREE_RARE_CARDS","is_prod":false,"is_daily":false,"chose_seed":false,"campfire_upgraded":6,"win_rate":0,"timestamp":1695547857,"path_taken":["M","M","?","M","?","R","M","R","T","M","?","E","?","E","R","BOSS","M","?","M","?","M","E","$","R","T","R","M","M","$","E","R","BOSS","M","?","M","?","M","E"],"build_version":"2022-12-18","purchased_purges":1,"victory":false,"max_hp_per_floor":[70,70,70,70,70,70,70,70,70,70,70,70,70,70,70,70,70,70,70,70,70,70,70,70,70,70,70,70,70,70,70,70,70,70,70,70,70,70,70,70],"card_choices":[{"not_picked":["Envenom","Malaise"],"picked":"Glass Knife","floor":0},{"not_picked":["Finisher","Heel Hook"],"picked":"Bouncing Flask","floor":1},{"not_picked":["Accuracy","Blade Dance"],"picked":"Poisoned Stab","floor":2},{"not_picked":["Dagger Spray","Masterful Stab"],"picked":"Calculated Gamble","floor":4},{"not_picked":["Sucker Punch","Underhanded Strike","Crippling Poison"],"picked":"SKIP","floor":7},{"not_picked":["Crippling Poison","Outmaneuver"],"picked":"Backflip","floor":10},{"not_picked":["Dodge and Roll","Cloak And Dagger"],"picked":"Acrobatics","floor":11},{"not_picked":["Sucker Punch","Doppelganger"],"picked":"Storm of Steel","floor":12},{"not_picked":["Poisoned Stab","Deadly Poison"],"picked":"PiercingWail","floor":14},{"not_picked":["Burst","Tools of the Trade"],"picked":"Venomology","floor":16},{"not_picked":["Sucker Punch","Poisoned Stab+1","Cloak And Dagger"],"picked":"SKIP","floor":18},{"not_picked":["Deadly Poison","Cloak And Dagger+1"],"picked":"Dagger Spray+1","floor":20},{"not_picked":["Deadly Poison","Quick Slash+1"],"picked":"Tactician","floor":22},{"not_picked":["Quick Slash","Sucker Punch","Underhanded Strike+1"],"picked":"SKIP","floor":23},{"not_picked":["Glass Knife","Outmaneuver"],"picked":"Acrobatics","floor":28},{"not_picked":["Poisoned Stab","Riddle With Holes"],"picked":"Prepared+1","floor":29},{"not_picked":["Unload","Slice"],"picked":"Dagger Throw+1","floor":31},{"not_picked":["Doppelganger","Burst"],"picked":"Malaise","floor":33},{"not_picked":["Masterful Stab+1","Bouncing Flask+1"],"picked":"Reflex+1","floor":35},{"not_picked":["Bane+1","Dagger Spray"],"picked":"Outmaneuver","floor":37},{"not_picked":["Poisoned Stab+1","Backstab+1","Crippling Poison"],"picked":"SKIP","floor":38},{"not_picked":["Setup+1","Flying Knee+1","Dagger Throw"],"picked":"SKIP","floor":39}],"player_experience":722971,"relics_obtained":[{"floor":9,"key":"PreservedInsect"},{"floor":12,"key":"Dream Catcher"},{"floor":14,"key":"Oddly Smooth Stone"},{"floor":23,"key":"Ginger"},{"floor":26,"key":"Mummified Hand"},{"floor":31,"key":"Frozen Egg 2"}],"event_choices":[{"damage_healed":0,"gold_gain":75,"player_choice":"Gather Gold","damage_taken":11,"max_hp_gain":0,"max_hp_loss":0,"event_name":"World of Goop","floor":3,"gold_loss":0},{"damage_healed":0,"gold_gain":75,"player_choice":"Touch","damage_taken":7,"max_hp_gain":0,"max_hp_loss":0,"event_name":"FaceTrader","floor":5,"gold_loss":0},{"cards_removed":["Strike_G"],"damage_healed":0,"gold_gain":0,"player_choice":"Forget","damage_taken":0,"max_hp_gain":0,"max_hp_loss":0,"event_name":"Living Wall","floor":13,"gold_loss":0},{"damage_healed":0,"gold_gain":99,"player_choice":"Stole From Cult","damage_taken":0,"max_hp_gain":0,"max_hp_loss":0,"event_name":"Nest","floor":19,"gold_loss":0},{"damage_healed":0,"gold_gain":0,"player_choice":"Ignored","damage_taken":0,"max_hp_gain":0,"max_hp_loss":0,"event_name":"The Mausoleum","floor":21,"gold_loss":0},{"damage_healed":0,"gold_gain":0,"cards_transformed":["Strike_G"],"player_choice":"Transformed","damage_taken":0,"max_hp_gain":0,"max_hp_loss":0,"event_name":"Transmorgrifier","floor":36,"gold_loss":0,"cards_obtained":["Cloak And Dagger"]}],"is_beta":false,"boss_relics":[{"not_picked":["SlaversCollar","Velvet Choker"],"picked":"HoveringKite"},{"not_picked":["Black Star","Tiny House"],"picked":"Ring of the Serpent"}],"items_purged_floors":[24],"is_endless":false,"potions_floor_spawned":[1,7,12,14,20,29,31,38,39],"killed_by":"Giant Head","ascension_level":7}