{"gold_per_floor":[365,379,393,343,343,343,360,386,398,424,451,495,507,37,37,140,140,158,158,71,71,71,71,71,104,104,104,133,146,165,200,200,301,301,316,316,366,380,426,456,456,472,472,489,516,529,6,32,32,32,32,32,32,67,67],"floor_reached":56,"playtime":2890,"items_purged":["Strike_G","Strike_G"],"score":1655,"play_id":"182517d7-03ea-47ee-bb00-838be149dfce","local_time":"20230919143919","is_ascension_mode":true,"campfire_choices":[{"data":"Deadly Poison","floor":6,"key":"SMITH"},{"data":"Accuracy","floor":13,"key":"SMITH"},{"data":"Die Die Die","floor":15,"key":"SMITH"},{"data":"Venomology","floor":23,"key":"SMITH"},{"data":"Footwork","floor":27,"key":"SMITH"},{"data":"Wraith Form v2","floor":32,"key":"SMITH"},{"floor":41,"key":"RECALL"},{"floor":49,"key":"REST"},{"floor":52,"key":"REST"}],"neow_cost":"TEN_PERCENT_HP_LOSS","seed_source_timestamp":212141247886200,"circlet_count":0,"master_deck":["Strike_G","Strike_G","Defend_G","Defend_G","Defend_G","Defend_G","Defend_G","Survivor","Neutralize","Blade Dance+1","Dagger Throw","Deadly Poison+1","Backflip","Accuracy+1","Backflip","Acrobatics","Die Die Die+1","Venomology+1","Outmaneuver","Footwork+1","Blade Dance","Good Instincts","Calculated Gamble+1","Wraith Form v2+1","Adrenaline","Predator+1","Accuracy+1","Terror+1","Blur+1","Calculated Gamble+1","Footwork+1","Acrobatics+1","Accuracy+1"],"relics":["Ring of the Snake","MawBank","Tingsha","Bottled Tornado","HoveringKite","Singing Bowl","Thread and Needle","The Courier","Anchor","Fusion Hammer","Du-Vu Doll","The Specimen","Frozen Egg 2","Oddly Smooth Stone","PreservedInsect","OrangePellets","Ornamental Fan","Bag of Preparation","HornCleat"],"potions_floor_usage":[12,16,18,18,18,25,25,28,29,31,33,33,33,37,39,40,42,44,45,55,55,55],"damage_taken":[{"damage":6,"enemies":"Jaw Worm","floor":1,"turns":6},{"damage":0,"enemies":"2 Louse","floor":2,"turns":3},{"damage":0,"enemies":"Cultist","floor":3,"turns":3},{"damage":0,"enemies":"Looter","floor":7,"turns":2},{"damage":26,"enemies":"Lagavulin","floor":8,"turns":9},{"damage":0,"enemies":"Exordium Thugs","floor":10,"turns":3},{"damage":0,"enemies":"3 Louse","floor":11,"turns":3},{"damage":2,"enemies":"3 Sentries","floor":12,"turns":5},{"damage":13,"enemies":"Hexaghost","floor":16,"turns":9},{"damage":9,"enemies":"2 Thieves","floor":18,"turns":4},{"damage":0,"enemies":"Slavers","floor":25,"turns":3},{"damage":3,"enemies":"Gremlin Leader","floor":28,"turns":5},{"damage":0,"enemies":"Spheric Guardian","floor":29,"turns":4},{"damage":0,"enemies":"Snake Plant","floor":30,"turns":4},{"damage":0,"enemies":"Book of Stabbing","floor":31,"turns":5},{"damage":32,"enemies":"Champ","floor":33,"turns":12},{"damage":0,"enemies":"3 Shapes","floor":35,"turns":3},{"damage":0,"enemies":"Mind Bloom Boss Battle","floor":37,"turns":6},{"damage":0,"enemies":"Orb Walker","floor":38,"turns":2},{"damage":10,"enemies":"2 Orb Walkers","floor":39,"turns":4},{"damage":0,"enemies":"Giant Head","floor":40,"turns":2},{"damage":1,"enemies":"4 Shapes","floor":42,"turns":6},{"damage":0,"enemies":"Maw","floor":44,"turns":4},{"damage":6,"enemies":"Nemesis","floor":45,"turns":7},{"damage":7,"enemies":"Sphere and 2 Shapes","floor":46,"turns":4},{"damage":0,"enemies":"Reptomancer","floor":48,"turns":5},{"damage":0,"enemies":"Donu and Deca","floor":50,"turns":9},{"damage":0,"enemies":"Shield and Spear","floor":54,"turns":4},{"damage":53,"enemies":"The Heart","floor":55,"turns":10}],"seed_played":"-8889928076473857795","potions_obtained":[{"floor":3,"key":"EssenceOfSteel"},{"floor":7,"key":"EntropicBrew"},{"floor":10,"key":"Explosive Potion"},{"floor":16,"key":"FairyPotion"},{"floor":25,"key":"SkillPotion"},{"floor":33,"key":"SteroidPotion"},{"floor":40,"key":"FearPotion"},{"floor":42,"key":"SkillPotion"}],"is_trial":false,"path_per_floor":["M","M","M","?","?","R","M","E","T","M","M","E","R","$","R","B",null,"M","?","$","?","$","R","?","E","T","R","E","M","M","E","R","B",null,"M","?","?","M","?","E","R","M","T","M","E","M","$","E","R","B",null,"R","$","E","B",null],"character_chosen":"THE_SILENT","items_purchased":["Die Die Die","Bottled Tornado","Footwork","Blade Dance","OrangePellets","Ornamental Fan","Bag of Preparation"],"campfire_rested":2,"item_purchase_floors":[14,14,20,20,47,47,47],"current_hp_per_floor":[57,57,57,57,57,57,57,31,31,31,31,29,29,29,29,16,63,54,48,48,37,37,37,37,39,39,39,38,38,40,40,40,8,74,76,76,76,76,66,66,66,65,65,67,61,54,54,56,80,80,80,80,80,80,27],"gold":67,"neow_bonus":"TWO_FIFTY_GOLD","is_prod":false,"is_daily":false,"chose_seed":false,"campfire_upgraded":6,"win_rate":0,"timestamp":1695159559,"path_taken":["M","M","M","?","?","R","M","E","T","M","?","E","R","$","R","BOSS","M","?","?","?","$","R","?","E","T","R","E","M","?","E","R","BOSS","M","?","?","M","?","E","R","M","T","M","E","M","$","E","R","BOSS","R","$","E","BOSS"],"build_version":"2022-12-18","purchased_purges":2,"victory":true,"max_hp_per_floor":[63,63,63,63,63,63,63,63,63,63,63,63,63,63,63,63,63,63,63,63,68,68,68,68,70,70,70,72,72,74,74,74,74,74,76,76,76,76,76,76,76,76,76,78,78,78,78,80,80,80,80,80,80,80,80],"card_choices":[{"not_picked":["Blur","Terror"],"picked":"Blade Dance","floor":1},{"not_picked":["Bane","Eviscerate"],"picked":"Dagger Throw","floor":2},{"not_picked":["Caltrops","Flying Knee"],"picked":"Deadly Poison","floor":3},{"not_picked":["Predator","Outmaneuver"],"picked":"Backflip","floor":7},{"not_picked":["Skewer","Endless Agony"],"picked":"Accuracy","floor":8},{"not_picked":["Poisoned Stab","Eviscerate","Dagger Spray"],"picked":"SKIP","floor":10},{"not_picked":["Concentrate","Distraction"],"picked":"Backflip","floor":11},{"not_picked":["Underhanded Strike","Quick Slash"],"picked":"Acrobatics","floor":12},{"not_picked":["Corpse Explosion","Tools of the Trade"],"picked":"Venomology","floor":16},{"not_picked":["Underhanded Strike","Flying Knee"],"picked":"Outmaneuver","floor":18},{"not_picked":["Quick Slash","Die Die Die","Poisoned Stab"],"picked":"Singing Bowl","floor":25},{"not_picked":["Predator","Dagger Throw","Distraction"],"picked":"Singing Bowl","floor":28},{"not_picked":["Backflip","Dagger Spray+1"],"picked":"Calculated Gamble+1","floor":29},{"not_picked":["Bane","Deadly Poison","Dagger Throw"],"picked":"Singing Bowl","floor":30},{"not_picked":["Dagger Throw","Riddle With Holes"],"picked":"Wraith Form v2","floor":31},{"not_picked":["Doppelganger","Burst"],"picked":"Adrenaline","floor":33},{"not_picked":["Cloak And Dagger+1","Underhanded Strike+1","Bane+1"],"picked":"Singing Bowl","floor":35},{"not_picked":["Quick Slash","Deadly Poison"],"picked":"Predator+1","floor":37},{"not_picked":["All Out Attack+1","Noxious Fumes"],"picked":"Accuracy+1","floor":38},{"not_picked":["Quick Slash","Footwork+1"],"picked":"Terror+1","floor":39},{"not_picked":["Dagger Throw","Heel Hook+1"],"picked":"Blur+1","floor":40},{"not_picked":["PiercingWail","Backflip"],"picked":"Calculated Gamble+1","floor":42},{"not_picked":["Dodge and Roll+1","Bouncing Flask+1","Deadly Poison"],"picked":"Singing Bowl","floor":44},{"not_picked":["Blade Dance+1","Dodge and Roll+1"],"picked":"Footwork+1","floor":45},{"not_picked":["Accuracy+1","Footwork+1"],"picked":"Acrobatics+1","floor":46},{"not_picked":["Accuracy+1","Glass Knife","Corpse Explosion"],"picked":"Singing Bowl","floor":48},{"not_picked":["Outmaneuver","Flying Knee+1"],"picked":"Accuracy+1","floor":54}],"player_experience":655097,"relics_obtained":[{"floor":8,"key":"MawBank"},{"floor":12,"key":"Tingsha"},{"floor":25,"key":"Singing Bowl"},{"floor":26,"key":"Thread and Needle"},{"floor":28,"key":"The Courier"},{"floor":31,"key":"Anchor"},{"floor":37,"key":"Du-Vu Doll"},{"floor":39,"key":"The Specimen"},{"floor":40,"key":"Frozen Egg 2"},{"floor":43,"key":"Oddly Smooth Stone"},{"floor":45,"key":"PreservedInsect"},{"floor":48,"key":"HornCleat"}],"event_choices":[{"cards_removed":["Strike_G"],"damage_healed":0,"gold_gain":0,"player_choice":"Card Removal","damage_taken":0,"max_hp_gain":0,"max_hp_loss":0,"event_name":"The Cleric","floor":4,"gold_loss":50},{"damage_healed":0,"gold_gain":0,"player_choice":"Upgraded","damage_taken":0,"max_hp_gain":0,"max_hp_loss":0,"event_name":"Upgrade Shrine","floor":5,"gold_loss":0,"cards_upgraded":["Blade Dance"]},{"damage_healed":0,"gold_gain":0,"player_choice":"Damaged","damage_taken":6,"max_hp_gain":0,"max_hp_loss":0,"event_name":"Wheel of Change","floor":19,"gold_loss":0},{"damage_healed":0,"gold_gain":0,"player_choice":"Shed Blood","damage_taken":16,"max_hp_gain":5,"max_hp_loss":0,"event_name":"Forgotten Altar","floor":21,"gold_loss":0},{"damage_healed":0,"gold_gain":0,"player_choice":"1 cards matched","damage_taken":0,"max_hp_gain":0,"max_hp_loss":0,"event_name":"Match and Keep!","floor":24,"gold_loss":0,"cards_obtained":["Good Instincts"]},{"damage_healed":0,"gold_gain":0,"player_choice":"Ignored","damage_taken":0,"max_hp_gain":0,"max_hp_loss":0,"event_name":"Tomb of Lord Red Mask","floor":36,"gold_loss":0},{"damage_healed":0,"gold_gain":0,"player_choice":"Fight","damage_taken":0,"max_hp_gain":0,"max_hp_loss":0,"event_name":"MindBloom","floor":37,"gold_loss":0},{"damage_healed":0,"gold_gain":0,"player_choice":"Fight","damage_taken":0,"max_hp_gain":0,"max_hp_loss":0,"event_name":"Mysterious Sphere","floor":39,"gold_loss":0}],"is_beta":false,"boss_relics":[{"not_picked":["Runic Pyramid","Empty Cage"],"picked":"HoveringKite"},{"not_picked":["Busted Crown","Tiny House"],"picked":"Fusion Hammer"}],"items_purged_floors":[14,47],"is_endless":false,"potions_floor_spawned":[3,7,10,16,25,33,37,40,42,45,46],"ascension_level":3}