{"gold_per_floor":[14,31,41,55,65,92,92,119,172,183,216,229,303,82,82,180,180,197,122,134,134,34,34,67,82,82,111,111,127,127,140,140,140],"floor_reached":33,"playtime":1393,"items_purged":["Strike_G","Strike_G"],"score":556,"play_id":"ffc73fc6-88b4-41ea-87e6-86ee493ca125","local_time":"20231003191720","is_ascension_mode":true,"campfire_choices":[{"data":"Dagger Spray","floor":7,"key":"SMITH"},{"data":"Well Laid Plans","floor":15,"key":"SMITH"},{"data":"Terror","floor":23,"key":"SMITH"},{"data":"Night Terror","floor":28,"key":"SMITH"},{"data":"Calculated Gamble","floor":30,"key":"SMITH"},{"data":"Burst","floor":32,"key":"SMITH"}],"neow_cost":"NO_GOLD","seed_source_timestamp":1439979777682800,"circlet_count":0,"master_deck":["AscendersBane","Strike_G","Defend_G","Defend_G","Defend_G","Defend_G","Survivor","Neutralize","Night Terror+1","Endless Agony","Dagger Spray+1","Dagger Throw","Deadly Poison","Predator","Well Laid Plans+1","PiercingWail","Corpse Explosion","Die Die Die","Terror+1","Necronomicurse","Burst+1","Calculated Gamble+1"],"relics":["Ring of the Snake","InkBottle","Ninja Scroll","Sundial","TwistedFunnel","Coffee Dripper","Necronomicon","Art of War","CaptainsWheel","Bag of Marbles"],"potions_floor_usage":[6,8,24,27,31,33],"damage_taken":[{"damage":1,"enemies":"Cultist","floor":1,"turns":5},{"damage":0,"enemies":"Jaw Worm","floor":2,"turns":4},{"damage":0,"enemies":"2 Louse","floor":3,"turns":2},{"damage":0,"enemies":"Looter","floor":4,"turns":4},{"damage":0,"enemies":"2 Fungi Beasts","floor":5,"turns":3},{"damage":22,"enemies":"3 Sentries","floor":6,"turns":6},{"damage":8,"enemies":"Gremlin Nob","floor":8,"turns":3},{"damage":0,"enemies":"3 Louse","floor":10,"turns":2},{"damage":7,"enemies":"3 Sentries","floor":11,"turns":6},{"damage":4,"enemies":"Looter","floor":12,"turns":3},{"damage":8,"enemies":"The Guardian","floor":16,"turns":10},{"damage":0,"enemies":"3 Byrds","floor":18,"turns":2},{"damage":0,"enemies":"Chosen","floor":20,"turns":3},{"damage":7,"enemies":"Slavers","floor":24,"turns":3},{"damage":13,"enemies":"Snecko","floor":25,"turns":4},{"damage":0,"enemies":"Gremlin Leader","floor":27,"turns":4},{"damage":0,"enemies":"Centurion and Healer","floor":29,"turns":2},{"damage":13,"enemies":"Shelled Parasite and Fungi","floor":31,"turns":3},{"damage":9,"enemies":"Champ","floor":33,"turns":3}],"seed_played":"-293093040739585780","potions_obtained":[{"floor":1,"key":"GamblersBrew"},{"floor":5,"key":"AttackPotion"},{"floor":6,"key":"GhostInAJar"},{"floor":10,"key":"Block Potion"},{"floor":25,"key":"GhostInAJar"},{"floor":27,"key":"Ancient Potion"}],"is_trial":false,"path_per_floor":["M","M","M","M","M","E","R","E","T","M","E","M","?","$","R","B",null,"M","?","M","?","$","R","E","M","T","E","R","M","R","M","R","B"],"character_chosen":"THE_SILENT","items_purchased":["TwistedFunnel"],"campfire_rested":0,"item_purchase_floors":[14],"current_hp_per_floor":[62,62,62,62,62,40,40,32,32,32,25,21,21,21,21,13,56,56,56,56,40,40,40,33,20,20,20,20,20,20,7,7,0],"gold":140,"neow_bonus":"TRANSFORM_TWO_CARDS","is_prod":false,"is_daily":false,"chose_seed":false,"campfire_upgraded":6,"win_rate":0,"timestamp":1696385840,"path_taken":["M","M","M","M","?","E","R","E","T","M","E","M","?","?","R","BOSS","M","?","M","?","$","R","E","M","T","E","R","M","R","M","R","BOSS"],"build_version":"2022-12-18","purchased_purges":2,"victory":false,"max_hp_per_floor":[70,70,70,70,70,70,70,70,70,70,70,70,70,70,70,70,70,70,70,70,70,70,70,70,70,70,70,70,70,70,70,70,70],"card_choices":[{"not_picked":["Blur","Acrobatics"],"picked":"Dagger Spray","floor":1},{"not_picked":["Calculated Gamble","Concentrate"],"picked":"Dagger Throw","floor":2},{"not_picked":["Outmaneuver","Underhanded Strike"],"picked":"Deadly Poison","floor":3},{"not_picked":["Flechettes","Grand Finale","Caltrops"],"picked":"SKIP","floor":4},{"not_picked":["Dagger Spray","Tactician","Outmaneuver"],"picked":"SKIP","floor":5},{"not_picked":["Dagger Spray","Tactician","Outmaneuver"],"picked":"SKIP","floor":5},{"not_picked":["Deflect","Deadly Poison"],"picked":"Predator","floor":6},{"not_picked":["Crippling Poison","Bane","Deadly Poison"],"picked":"SKIP","floor":8},{"not_picked":["Cloak And Dagger","Expertise"],"picked":"Well Laid Plans","floor":10},{"not_picked":["Infinite Blades","Endless Agony","PiercingWail"],"picked":"SKIP","floor":11},{"not_picked":["Infinite Blades","Endless Agony"],"picked":"PiercingWail","floor":11},{"not_picked":["Dagger Spray","Dodge and Roll"],"picked":"Corpse Explosion","floor":12},{"not_picked":["Night Terror","A Thousand Cuts"],"picked":"Die Die Die","floor":16},{"not_picked":["Dagger Spray","PiercingWail+1","Predator"],"picked":"SKIP","floor":18},{"not_picked":["Quick Slash","Noxious Fumes"],"picked":"Terror","floor":20},{"not_picked":["Setup","Crippling Poison"],"picked":"Burst","floor":24},{"not_picked":["Noxious Fumes","Outmaneuver+1","Distraction"],"picked":"SKIP","floor":25},{"not_picked":["Deflect","Dodge and Roll","Flying Knee"],"picked":"SKIP","floor":27},{"not_picked":["PiercingWail","Doppelganger"],"picked":"Calculated Gamble","floor":29},{"not_picked":["Caltrops+1","Flying Knee","Blade Dance"],"picked":"SKIP","floor":31}],"player_experience":808696,"relics_obtained":[{"floor":6,"key":"InkBottle"},{"floor":8,"key":"Ninja Scroll"},{"floor":11,"key":"Sundial"},{"floor":21,"key":"Necronomicon"},{"floor":24,"key":"Art of War"},{"floor":26,"key":"CaptainsWheel"},{"floor":27,"key":"Bag of Marbles"}],"event_choices":[{"damage_healed":0,"gold_gain":74,"player_choice":"Gained Gold","damage_taken":0,"max_hp_gain":0,"max_hp_loss":0,"event_name":"Golden Wing","floor":13,"gold_loss":0},{"cards_removed":["Strike_G"],"damage_healed":0,"gold_gain":0,"player_choice":"Gave Gold","damage_taken":0,"max_hp_gain":0,"max_hp_loss":0,"event_name":"Beggar","floor":19,"gold_loss":75},{"damage_healed":0,"gold_gain":0,"player_choice":"Obtained Book","damage_taken":16,"max_hp_gain":0,"max_hp_loss":0,"event_name":"Cursed Tome","floor":21,"gold_loss":0}],"is_beta":false,"boss_relics":[{"not_picked":["WristBlade","Ring of the Serpent"],"picked":"Coffee Dripper"}],"items_purged_floors":[14,22],"is_endless":false,"potions_floor_spawned":[1,5,6,10,16,20,25,27,29],"killed_by":"Champ","ascension_level":11}