{"gold_per_floor":[110,129,141,124,142,142,171,23,23,48,48,48],"floor_reached":12,"playtime":550,"items_purged":[],"score":140,"play_id":"860a5468-5291-4f01-9f06-4537a71208c9","local_time":"20231005191908","is_ascension_mode":true,"campfire_choices":[{"data":"Quick Slash","floor":6,"key":"SMITH"},{"data":"Poisoned Stab","floor":11,"key":"SMITH"}],"neow_cost":"PERCENT_DAMAGE","seed_source_timestamp":1613737857180600,"circlet_count":0,"master_deck":["AscendersBane","Strike_G","Strike_G","Strike_G","Strike_G","Strike_G","Defend_G","Defend_G","Defend_G","Defend_G","Defend_G","Survivor","Neutralize","Quick Slash+1","Dagger Throw","Dash","Backflip","Poisoned Stab+1"],"relics":["Ring of the Snake","Snake Skull","OrangePellets","Letter Opener","Bottled Flame"],"potions_floor_usage":[7,7],"damage_taken":[{"damage":4,"enemies":"Cultist","floor":1,"turns":5},{"damage":5,"enemies":"Jaw Worm","floor":2,"turns":5},{"damage":0,"enemies":"Small Slimes","floor":3,"turns":3},{"damage":6,"enemies":"Exordium Thugs","floor":4,"turns":4},{"damage":1,"enemies":"Looter","floor":5,"turns":4},{"damage":12,"enemies":"Lagavulin","floor":7,"turns":7},{"damage":19,"enemies":"Gremlin Nob","floor":10,"turns":5},{"damage":17,"enemies":"3 Sentries","floor":12,"turns":7}],"seed_played":"-1662239064650382145","potions_obtained":[{"floor":3,"key":"Poison Potion"},{"floor":4,"key":"Poison Potion"}],"is_trial":false,"path_per_floor":["M","M","M","M","M","R","E","$","T","E","R","?"],"character_chosen":"THE_SILENT","items_purchased":["OrangePellets"],"campfire_rested":0,"item_purchase_floors":[8],"current_hp_per_floor":[55,50,50,44,43,43,31,31,31,12,12,0],"gold":48,"neow_bonus":"TWENTY_PERCENT_HP_BONUS","is_prod":false,"is_daily":false,"chose_seed":false,"campfire_upgraded":2,"win_rate":0,"timestamp":1696558748,"path_taken":["M","M","M","M","M","R","E","$","T","E","R","?"],"build_version":"2022-12-18","purchased_purges":0,"victory":false,"max_hp_per_floor":[84,84,84,84,84,84,84,84,84,84,84,84],"card_choices":[{"not_picked":["Cloak And Dagger","Outmaneuver"],"picked":"Quick Slash","floor":1},{"not_picked":["Infinite Blades","Slice"],"picked":"Dagger Throw","floor":2},{"not_picked":["Deflect","Dodge and Roll"],"picked":"Dash","floor":3},{"not_picked":["Caltrops","Outmaneuver"],"picked":"Backflip","floor":4},{"not_picked":["Dagger Throw","Prepared","Deflect"],"picked":"SKIP","floor":5},{"not_picked":["Prepared","Sucker Punch","Riddle With Holes"],"picked":"SKIP","floor":7},{"not_picked":["Bane","Dodge and Roll"],"picked":"Poisoned Stab","floor":10}],"player_experience":811882,"relics_obtained":[{"floor":7,"key":"Snake Skull"},{"floor":9,"key":"Letter Opener"},{"floor":10,"key":"Bottled Flame"}],"event_choices":[{"damage_healed":0,"gold_gain":0,"player_choice":"Searched \u00271\u0027 times","damage_taken":0,"max_hp_gain":0,"max_hp_loss":0,"event_name":"Dead Adventurer","floor":12,"gold_loss":0}],"is_beta":false,"boss_relics":[],"items_purged_floors":[],"is_endless":false,"potions_floor_spawned":[3,4,5],"killed_by":"3 Sentries","ascension_level":11}