{"gold_per_floor":[118,129,141,141,22,22,49,66,66,96,109,0,0,10,10,108,108,121,121,36,54,54,54,89,89,89,117,132,132,132,57,57,57],"floor_reached":33,"playtime":1300,"items_purged":["Strike_G"],"score":479,"play_id":"dd97f67d-caa8-4e27-bf7a-db3b46368979","local_time":"20231003200912","is_ascension_mode":true,"campfire_choices":[{"data":"Quick Slash","floor":6,"key":"SMITH"},{"data":"Finisher","floor":13,"key":"SMITH"},{"data":"Terror","floor":15,"key":"SMITH"},{"data":"Glass Knife","floor":23,"key":"SMITH"},{"data":"Cloak And Dagger","floor":25,"key":"SMITH"},{"data":"Bite","floor":30,"key":"SMITH"},{"data":"Bite","floor":32,"key":"SMITH"}],"neow_cost":"NONE","seed_source_timestamp":1443187419102500,"circlet_count":0,"master_deck":["AscendersBane","Defend_G","Defend_G+1","Defend_G","Defend_G","Survivor","Neutralize","Quick Slash+1","Finisher+1","Dagger Throw","Slice","Leg Sweep+1","Slice","Terror+1","Noxious Fumes+1","Endless Agony","Glass Knife+1","Cloak And Dagger+1","PiercingWail+1","Noxious Fumes+1","Noxious Fumes+1","Bite+1","Bite+1","Bite","Bite"],"relics":["Ring of the Snake","Art of War","Ancient Tea Set","Frozen Egg 2","Coffee Dripper","Snake Skull","Question Card","Turnip","War Paint"],"potions_floor_usage":[7,10,10,16,24,33],"damage_taken":[{"damage":5,"enemies":"Small Slimes","floor":1,"turns":4},{"damage":1,"enemies":"Cultist","floor":2,"turns":5},{"damage":1,"enemies":"Jaw Worm","floor":3,"turns":3},{"damage":5,"enemies":"3 Sentries","floor":7,"turns":4},{"damage":1,"enemies":"Blue Slaver","floor":8,"turns":3},{"damage":24,"enemies":"Gremlin Nob","floor":10,"turns":4},{"damage":0,"enemies":"Large Slime","floor":11,"turns":4},{"damage":1,"enemies":"Exordium Thugs","floor":14,"turns":4},{"damage":7,"enemies":"Slime Boss","floor":16,"turns":5},{"damage":0,"enemies":"Shell Parasite","floor":18,"turns":3},{"damage":0,"enemies":"Spheric Guardian","floor":21,"turns":2},{"damage":5,"enemies":"Slavers","floor":24,"turns":5},{"damage":18,"enemies":"Book of Stabbing","floor":27,"turns":4},{"damage":4,"enemies":"Snecko","floor":28,"turns":4},{"damage":43,"enemies":"Automaton","floor":33,"turns":6}],"seed_played":"2085578584906175382","potions_obtained":[{"floor":1,"key":"Poison Potion"},{"floor":3,"key":"GamblersBrew"},{"floor":7,"key":"PowerPotion"},{"floor":11,"key":"FearPotion"},{"floor":16,"key":"SpeedPotion"},{"floor":18,"key":"Poison Potion"},{"floor":21,"key":"DuplicationPotion"}],"is_trial":false,"path_per_floor":["M","M","M","?","$","R","E","M","T","E","M","$","R","M","R","B",null,"M","?","?","M","?","R","E","R","T","E","M","?","R","?","R","B"],"character_chosen":"THE_SILENT","items_purchased":["CunningPotion","Dagger Throw","Noxious Fumes+1"],"campfire_rested":0,"item_purchase_floors":[5,5,12],"current_hp_per_floor":[65,64,63,63,63,63,58,57,57,33,33,33,33,32,32,25,64,64,50,50,50,50,50,45,45,45,27,23,23,23,23,23,0],"gold":57,"neow_bonus":"TEN_PERCENT_HP_BONUS","is_prod":false,"is_daily":false,"chose_seed":false,"campfire_upgraded":7,"win_rate":0,"timestamp":1696388952,"path_taken":["M","M","M","?","$","R","E","M","T","E","?","$","R","M","R","BOSS","M","?","?","M","?","R","E","R","T","E","?","?","R","?","R","BOSS"],"build_version":"2022-12-18","purchased_purges":1,"victory":false,"max_hp_per_floor":[77,77,77,77,77,77,77,77,77,77,77,77,77,77,77,77,77,77,82,82,82,82,82,82,82,82,82,82,57,57,57,57,57],"card_choices":[{"not_picked":["Calculated Gamble","Bane"],"picked":"Quick Slash","floor":1},{"not_picked":["Bane","Backflip"],"picked":"Finisher","floor":2},{"not_picked":["Dodge and Roll","Sucker Punch"],"picked":"Slice","floor":7},{"not_picked":["Backflip","Heel Hook"],"picked":"Leg Sweep","floor":8},{"not_picked":["Escape Plan","Bane"],"picked":"Slice","floor":10},{"not_picked":["Caltrops+1","Backflip"],"picked":"Terror","floor":11},{"not_picked":["Corpse Explosion","Flying Knee"],"picked":"Endless Agony","floor":14},{"not_picked":["Burst","Doppelganger"],"picked":"Glass Knife","floor":16},{"not_picked":["Poisoned Stab","Setup"],"picked":"Cloak And Dagger","floor":18},{"not_picked":["Cloak And Dagger","Deflect","Bane"],"picked":"SKIP","floor":21},{"not_picked":["Quick Slash","Deadly Poison"],"picked":"PiercingWail+1","floor":24},{"not_picked":["Concentrate","Bane","Dodge and Roll+1"],"picked":"Noxious Fumes+1","floor":27},{"not_picked":["Quick Slash","Deadly Poison","Dagger Throw+1"],"picked":"Noxious Fumes+1","floor":28}],"player_experience":810582,"relics_obtained":[{"floor":7,"key":"Art of War"},{"floor":9,"key":"Ancient Tea Set"},{"floor":10,"key":"Frozen Egg 2"},{"floor":24,"key":"Question Card"},{"floor":26,"key":"Turnip"},{"floor":27,"key":"War Paint"}],"event_choices":[{"cards_removed":["Defend_G"],"damage_healed":0,"gold_gain":0,"player_choice":"Purged","damage_taken":0,"max_hp_gain":0,"max_hp_loss":0,"event_name":"Purifier","floor":4,"gold_loss":0},{"damage_healed":0,"gold_gain":0,"player_choice":"Shed Blood","damage_taken":19,"max_hp_gain":5,"max_hp_loss":0,"event_name":"Forgotten Altar","floor":19,"gold_loss":0},{"damage_healed":0,"gold_gain":0,"player_choice":"Obtained Relic","damage_taken":0,"relics_obtained":["Snake Skull"],"max_hp_gain":0,"max_hp_loss":0,"event_name":"Addict","floor":20,"gold_loss":85},{"damage_healed":0,"gold_gain":0,"player_choice":"Ignored","damage_taken":0,"max_hp_gain":0,"max_hp_loss":0,"event_name":"The Mausoleum","floor":22,"gold_loss":0},{"damage_healed":0,"gold_gain":0,"player_choice":"Became a vampire","damage_taken":0,"max_hp_gain":0,"max_hp_loss":25,"event_name":"Vampires","floor":29,"gold_loss":0,"cards_obtained":["Bite","Bite","Bite","Bite","Bite"]},{"cards_removed":["Bite"],"damage_healed":0,"gold_gain":0,"player_choice":"Gave Gold","damage_taken":0,"max_hp_gain":0,"max_hp_loss":0,"event_name":"Beggar","floor":31,"gold_loss":75}],"is_beta":false,"boss_relics":[{"not_picked":["Ring of the Serpent","Sozu"],"picked":"Coffee Dripper"}],"items_purged_floors":[12],"is_endless":false,"potions_floor_spawned":[1,3,7,11,16,18,21],"killed_by":"Automaton","ascension_level":11}