{"gold_per_floor":[110,124,143,156,170,170,4,38,38,38,64,81,81,96,96,198,198,212,226,240,41,41,41,67,67,67,94,193,219,0,32,32,132,132,151,151,500,386,402,435,435,460,460,460,472,472,486,486,486,486,486,486,93,119,119],"floor_reached":55,"playtime":3196,"items_purged":["Strike_G","Strike_G","Strike_G"],"score":1399,"play_id":"40001bd0-91c2-4fc7-9c7a-e78997021814","local_time":"20231009014141","is_ascension_mode":true,"campfire_choices":[{"data":"Cloak And Dagger","floor":6,"key":"SMITH"},{"data":"After Image","floor":10,"key":"SMITH"},{"data":"Cloak And Dagger","floor":13,"key":"SMITH"},{"data":"Deadly Poison","floor":15,"key":"SMITH"},{"data":"Terror","floor":23,"key":"SMITH"},{"floor":25,"key":"REST"},{"data":"Accuracy","floor":32,"key":"SMITH"},{"data":"Accuracy","floor":41,"key":"SMITH"},{"data":"Outmaneuver","floor":44,"key":"SMITH"},{"data":"1","floor":46,"key":"LIFT"},{"floor":49,"key":"RECALL"},{"data":"Cloak And Dagger","floor":52,"key":"SMITH"}],"neow_cost":"NONE","seed_source_timestamp":98808983907200,"circlet_count":0,"master_deck":["AscendersBane","Defend_G","Defend_G","Defend_G","Defend_G","Survivor","Neutralize","All Out Attack","Quick Slash","After Image+1","Cloak And Dagger+1","Cloak And Dagger+1","After Image","Deadly Poison+1","Poisoned Stab","PiercingWail","Doppelganger","Backstab+1","Acrobatics+1","Night Terror+1","Terror+1","Backstab+1","Accuracy+1","Adrenaline","Malaise","Accuracy+1","After Image","Adrenaline","Calculated Gamble","Acrobatics","Outmaneuver+1","Regret","Cloak And Dagger+1","Phantasmal Killer","Finesse"],"relics":["Ring of the Snake","Bronze Scales","Membership Card","Pocketwatch","Incense Burner","Kunai","Astrolabe","Ornamental Fan","Shovel","Pear","Vajra","Anchor","Happy Flower","DollysMirror","Question Card","Cursed Key","Old Coin","Girya","Thread and Needle","Tingsha","TwistedFunnel","InkBottle"],"potions_floor_usage":[8,20,33,37,54,55],"damage_taken":[{"damage":4,"enemies":"Small Slimes","floor":1,"turns":4},{"damage":2,"enemies":"Jaw Worm","floor":2,"turns":3},{"damage":1,"enemies":"Cultist","floor":3,"turns":3},{"damage":7,"enemies":"Lots of Slimes","floor":4,"turns":1},{"damage":0,"enemies":"Blue Slaver","floor":5,"turns":5},{"damage":19,"enemies":"Gremlin Nob","floor":8,"turns":4},{"damage":7,"enemies":"Lagavulin","floor":11,"turns":9},{"damage":0,"enemies":"Exordium Wildlife","floor":12,"turns":3},{"damage":0,"enemies":"Large Slime","floor":14,"turns":9},{"damage":0,"enemies":"Hexaghost","floor":16,"turns":10},{"damage":6,"enemies":"Spheric Guardian","floor":18,"turns":5},{"damage":3,"enemies":"Shell Parasite","floor":19,"turns":6},{"damage":11,"enemies":"Shelled Parasite and Fungi","floor":20,"turns":6},{"damage":18,"enemies":"Book of Stabbing","floor":24,"turns":6},{"damage":8,"enemies":"Gremlin Leader","floor":27,"turns":7},{"damage":0,"enemies":"Book of Stabbing","floor":31,"turns":4},{"damage":5,"enemies":"Champ","floor":33,"turns":11},{"damage":0,"enemies":"3 Shapes","floor":35,"turns":4},{"damage":3,"enemies":"2 Orb Walkers","floor":37,"turns":4},{"damage":0,"enemies":"3 Darklings","floor":39,"turns":7},{"damage":0,"enemies":"Giant Head","floor":40,"turns":7},{"damage":12,"enemies":"Reptomancer","floor":42,"turns":5},{"damage":3,"enemies":"Spire Growth","floor":45,"turns":5},{"damage":7,"enemies":"4 Shapes","floor":47,"turns":5},{"damage":17,"enemies":"Time Eater","floor":50,"turns":15},{"damage":13,"enemies":"Shield and Spear","floor":54,"turns":12},{"damage":55,"enemies":"The Heart","floor":55,"turns":5}],"seed_played":"478634303436756092","potions_obtained":[{"floor":3,"key":"SkillPotion"},{"floor":4,"key":"Dexterity Potion"},{"floor":16,"key":"PowerPotion"},{"floor":20,"key":"SteroidPotion"},{"floor":35,"key":"FearPotion"},{"floor":40,"key":"Explosive Potion"}],"is_trial":false,"path_per_floor":["M","M","M","M","M","R","$","E","T","R","E","M","R","M","R","B",null,"M","M","M","$","?","R","E","R","T","E","?","T","$","E","R","B",null,"M","?","?","$","M","E","R","E","T","R","M","R","M","?","R","B",null,"R","$","E","B"],"character_chosen":"THE_SILENT","items_purchased":["Membership Card","Underhanded Strike","Ornamental Fan","Accuracy","Happy Flower","DollysMirror","Strength Potion","CultistPotion","GamblersBrew","Phantasmal Killer","Finesse","Tingsha","TwistedFunnel"],"campfire_rested":1,"item_purchase_floors":[7,7,21,21,30,30,30,38,53,53,53,53,53],"current_hp_per_floor":[59,57,56,49,49,49,49,30,30,30,23,23,23,23,23,23,58,52,49,38,38,38,38,20,41,51,43,43,43,43,43,43,38,70,70,70,67,67,67,67,67,55,55,55,52,52,45,45,45,28,67,67,67,54,0],"gold":119,"neow_bonus":"RANDOM_COMMON_RELIC","is_prod":false,"is_daily":false,"chose_seed":false,"campfire_upgraded":9,"win_rate":0,"timestamp":1696840901,"path_taken":["M","M","M","M","M","R","$","E","T","R","E","M","R","M","R","BOSS","M","M","M","$","?","R","E","R","T","E","?","?","?","E","R","BOSS","M","?","?","$","M","E","R","E","T","R","M","R","M","?","R","BOSS","R","$","E","BOSS"],"build_version":"2022-12-18","purchased_purges":3,"victory":false,"max_hp_per_floor":[70,70,70,70,70,70,70,70,70,70,70,70,70,70,70,70,70,70,70,70,70,70,70,70,70,80,80,80,80,80,80,80,80,80,80,80,80,80,80,80,80,80,80,80,80,80,80,80,80,80,80,80,80,80,80],"card_choices":[{"not_picked":["Underhanded Strike","Tactician"],"picked":"All Out Attack","floor":1},{"not_picked":["Dodge and Roll","PiercingWail"],"picked":"Quick Slash","floor":2},{"not_picked":["Flechettes","Dodge and Roll"],"picked":"After Image","floor":3},{"not_picked":["PiercingWail","Finisher"],"picked":"Cloak And Dagger","floor":4},{"not_picked":["Deflect","Underhanded Strike"],"picked":"Cloak And Dagger","floor":5},{"not_picked":["Infinite Blades","Dash"],"picked":"After Image","floor":8},{"not_picked":["Distraction","Poisoned Stab"],"picked":"Deadly Poison","floor":11},{"not_picked":["Prepared","Leg Sweep"],"picked":"Poisoned Stab","floor":12},{"not_picked":["Deflect","Dagger Throw"],"picked":"PiercingWail","floor":14},{"not_picked":["Envenom","Corpse Explosion"],"picked":"Doppelganger","floor":16},{"not_picked":["Sucker Punch","Predator","Backstab"],"picked":"SKIP","floor":18},{"not_picked":["Heel Hook","Bane"],"picked":"Terror","floor":19},{"not_picked":["Prepared","Dagger Throw"],"picked":"Backstab+1","floor":20},{"not_picked":["Infinite Blades","Poisoned Stab"],"picked":"Adrenaline","floor":24},{"not_picked":["Deadly Poison","PiercingWail+1"],"picked":"Malaise","floor":27},{"not_picked":["Outmaneuver","Backflip"],"picked":"After Image","floor":31},{"not_picked":["Grand Finale","Tools of the Trade","Corpse Explosion"],"picked":"Adrenaline","floor":33},{"not_picked":["Deadly Poison","Dagger Spray","Dagger Throw","Deflect"],"picked":"SKIP","floor":35},{"not_picked":["Poisoned Stab","Expertise","Riddle With Holes+1"],"picked":"Calculated Gamble","floor":37},{"not_picked":["Poisoned Stab","Bullet Time","Backflip"],"picked":"Acrobatics","floor":39},{"not_picked":["Riddle With Holes+1","Underhanded Strike","Finisher+1","Calculated Gamble"],"picked":"SKIP","floor":40},{"not_picked":["Tactician","Expertise+1","Reflex+1"],"picked":"Outmaneuver","floor":42},{"not_picked":["Dodge and Roll","Sucker Punch+1","Dagger Spray","Finisher"],"picked":"SKIP","floor":45},{"not_picked":["Envenom","Deadly Poison","Finisher"],"picked":"Cloak And Dagger","floor":47},{"not_picked":["Underhanded Strike","Dagger Spray","Caltrops","Slice"],"picked":"SKIP","floor":54}],"player_experience":840713,"relics_obtained":[{"floor":8,"key":"Pocketwatch"},{"floor":9,"key":"Incense Burner"},{"floor":11,"key":"Kunai"},{"floor":24,"key":"Shovel"},{"floor":26,"key":"Pear"},{"floor":27,"key":"Vajra"},{"floor":29,"key":"Anchor"},{"floor":31,"key":"Question Card"},{"floor":37,"key":"Old Coin"},{"floor":40,"key":"Girya"},{"floor":42,"key":"Thread and Needle"},{"floor":54,"key":"InkBottle"}],"event_choices":[{"damage_healed":0,"gold_gain":0,"player_choice":"Ignored","damage_taken":0,"max_hp_gain":0,"max_hp_loss":0,"event_name":"The Mausoleum","floor":22,"gold_loss":0},{"damage_healed":0,"gold_gain":99,"player_choice":"Stole From Cult","damage_taken":0,"max_hp_gain":0,"max_hp_loss":0,"event_name":"Nest","floor":28,"gold_loss":0},{"cards_removed":["Underhanded Strike"],"damage_healed":0,"gold_gain":0,"player_choice":"Removed Attack","damage_taken":0,"max_hp_gain":0,"max_hp_loss":0,"event_name":"Falling","floor":36,"gold_loss":0},{"damage_healed":0,"gold_gain":0,"player_choice":"Fight","damage_taken":0,"max_hp_gain":0,"max_hp_loss":0,"event_name":"Mysterious Sphere","floor":37,"gold_loss":0},{"damage_healed":0,"gold_gain":0,"player_choice":"Memory 1","damage_taken":0,"max_hp_gain":0,"max_hp_loss":0,"event_name":"SensoryStone","floor":48,"gold_loss":0}],"is_beta":false,"boss_relics":[{"not_picked":["SlaversCollar","Snecko Eye"],"picked":"Astrolabe"},{"not_picked":["Velvet Choker","SacredBark"],"picked":"Cursed Key"}],"items_purged_floors":[21,30,38],"is_endless":false,"potions_floor_spawned":[3,4,16,18,20,35,39,40,42],"killed_by":"The Heart","ascension_level":12}