{"gold_per_floor":[117,127,127,139,54,54,89,89,89,89,124,135,150,183,183,259,259,269,283,1,1,12,46,46,83,109,109,34,73,97,125,125,199,199,222,245,256,274,274,313,313,343,343,363,164,198,240,252,252,252,252,252,252,90,122,122],"floor_reached":56,"playtime":2566,"items_purged":["Strike_G"],"score":2391,"play_id":"6bb6b0a5-d13d-4c1d-af85-62f5ecacaed7","local_time":"20231031230507","is_ascension_mode":true,"campfire_choices":[{"floor":6.0,"key":"REST"},{"data":"Cloak And Dagger","floor":8.0,"key":"SMITH"},{"floor":10.0,"key":"REST"},{"data":"Blade Dance","floor":15.0,"key":"SMITH"},{"data":"Backstab","floor":24.0,"key":"SMITH"},{"data":"Neutralize","floor":27.0,"key":"SMITH"},{"floor":32.0,"key":"REST"},{"floor":41.0,"key":"RECALL"},{"data":"Strike_G","floor":49.0,"key":"PURGE"},{"data":"Well Laid Plans","floor":53.0,"key":"SMITH"}],"neow_cost":"PERCENT_DAMAGE","seed_source_timestamp":0,"circlet_count":0,"master_deck":["AscendersBane","Strike_G","Defend_G","Defend_G","Defend_G","Defend_G","Survivor","Neutralize+1","Cloak And Dagger+1","Dagger Spray","Blade Dance+1","Backstab+1","After Image","Dagger Spray+1","Blade Dance+1","Burst+1","Leg Sweep+1","Cloak And Dagger+1","Acrobatics+1","Acrobatics+1","Acrobatics+1","Terror+1","PiercingWail+1","Apotheosis+1","Secret Technique+1","Acrobatics+1","Dodge and Roll+1","Outmaneuver+1","Well Laid Plans+1","Blade Dance+1","Blur+1","After Image"],"special_seed":0,"relics":["Ring of the Snake","Shuriken","Toxic Egg 2","Molten Egg 2","Bottled Tornado","Thread and Needle","WristBlade","Kunai","CeramicFish","Regal Pillow","Pen Nib","White Beast Statue","HoveringKite","StrikeDummy","Ornamental Fan","InkBottle","Peace Pipe","PreservedInsect","DollysMirror","Orichalcum"],"potions_floor_usage":[56],"damage_taken":[{"damage":0.0,"enemies":"Cultist","floor":1.0,"turns":4.0},{"damage":1.0,"enemies":"2 Louse","floor":2.0,"turns":3.0},{"damage":0.0,"enemies":"Small Slimes","floor":4.0,"turns":3.0},{"damage":17.0,"enemies":"Gremlin Nob","floor":7.0,"turns":4.0},{"damage":1.0,"enemies":"3 Sentries","floor":11.0,"turns":6.0},{"damage":0.0,"enemies":"Exordium Wildlife","floor":12.0,"turns":2.0},{"damage":0.0,"enemies":"2 Fungi Beasts","floor":13.0,"turns":1.0},{"damage":0.0,"enemies":"Gremlin Nob","floor":14.0,"turns":3.0},{"damage":0.0,"enemies":"Slime Boss","floor":16.0,"turns":3.0},{"damage":0.0,"enemies":"Shell Parasite","floor":18.0,"turns":2.0},{"damage":0.0,"enemies":"2 Thieves","floor":19.0,"turns":1.0},{"damage":3.0,"enemies":"Shelled Parasite and Fungi","floor":22.0,"turns":4.0},{"damage":9.0,"enemies":"Slavers","floor":23.0,"turns":4.0},{"damage":9.0,"enemies":"Book of Stabbing","floor":25.0,"turns":4.0},{"damage":0.0,"enemies":"Gremlin Leader","floor":29.0,"turns":3.0},{"damage":0.0,"enemies":"Centurion and Healer","floor":30.0,"turns":3.0},{"damage":2.0,"enemies":"Book of Stabbing","floor":31.0,"turns":3.0},{"damage":7.0,"enemies":"Automaton","floor":33.0,"turns":7.0},{"damage":5.0,"enemies":"3 Shapes","floor":35.0,"turns":5.0},{"damage":0.0,"enemies":"3 Darklings","floor":36.0,"turns":3.0},{"damage":0.0,"enemies":"Writhing Mass","floor":37.0,"turns":5.0},{"damage":9.0,"enemies":"Reptomancer","floor":40.0,"turns":4.0},{"damage":1.0,"enemies":"Nemesis","floor":42.0,"turns":3.0},{"damage":0.0,"enemies":"Maw","floor":44.0,"turns":4.0},{"damage":0.0,"enemies":"Mind Bloom Boss Battle","floor":46.0,"turns":5.0},{"damage":14.0,"enemies":"Reptomancer","floor":47.0,"turns":5.0},{"damage":0.0,"enemies":"3 Darklings","floor":48.0,"turns":3.0},{"damage":6.0,"enemies":"Donu and Deca","floor":50.0,"turns":8.0},{"damage":0.0,"enemies":"Awakened One","floor":51.0,"turns":9.0},{"damage":0.0,"enemies":"Shield and Spear","floor":55.0,"turns":6.0},{"damage":70,"enemies":"The Heart","floor":56,"turns":3}],"seed_played":"2957719942627646392","potions_obtained":[{"floor":1.0,"key":"EssenceOfSteel"},{"floor":7.0,"key":"Dexterity Potion"},{"floor":12.0,"key":"Block Potion"},{"floor":14.0,"key":"FearPotion"},{"floor":16.0,"key":"Strength Potion"},{"floor":18.0,"key":"Strength Potion"},{"floor":25.0,"key":"Energy Potion"},{"floor":36.0,"key":"GamblersBrew"},{"floor":55.0,"key":"ColorlessPotion"}],"is_trial":false,"path_per_floor":["M","M","?","M","$","R","E","R","T","R","E","M","M","E","R","B",null,"M","M","$","?","M","E","R","E","T","R","?","E","M","E","R","B",null,"M","M","M","?","?","E","R","E","T","M","$","?","E","M","R","B","B",null,"R","$","E","B"],"character_chosen":"THE_SILENT","items_purchased":["Backstab","Kunai","Outmaneuver+1","Well Laid Plans","DollysMirror"],"campfire_rested":3,"item_purchase_floors":[5,20,45,45,54],"current_hp_per_floor":[44,43,17,17,17,36,19,19,19,38,37,37,37,37,37,37,59,59,59,59,59,56,47,47,38,38,38,38,38,38,36,66,59,64,59,59,59,49,49,40,40,39,39,39,39,39,25,25,25,19,19,54,54,54,54,0],"gold":122,"neow_bonus":"REMOVE_TWO","is_prod":false,"is_daily":false,"chose_seed":true,"campfire_upgraded":5,"win_rate":0,"timestamp":1698818707,"path_taken":["M","M","?","M","$","R","E","R","T","R","E","M","M","E","R","BOSS","M","M","$","?","M","E","R","E","T","R","?","E","M","E","R","BOSS","M","M","M","?","?","E","R","E","T","M","$","?","E","M","R","BOSS","BOSS","R","$","E","BOSS"],"build_version":"2022-12-18","purchased_purges":1,"victory":false,"max_hp_per_floor":[66,66,66,66,66,66,66,66,66,66,66,66,66,66,66,66,66,66,66,66,66,66,66,66,66,66,66,66,66,66,66,66,66,66,66,66,66,66,66,66,66,66,66,66,66,66,66,66,66,66,66,66,66,66,66,66],"card_choices":[{"not_picked":["Dash","Outmaneuver"],"picked":"Cloak And Dagger","floor":1.0},{"not_picked":["Deflect","Underhanded Strike"],"picked":"Dagger Spray","floor":2.0},{"not_picked":["Terror","Flying Knee"],"picked":"Blade Dance","floor":4.0},{"not_picked":["Cloak And Dagger+1","Masterful Stab"],"picked":"After Image","floor":7.0},{"not_picked":["Bouncing Flask+1","Quick Slash+1","Dodge and Roll+1"],"picked":"SKIP","floor":11.0},{"not_picked":["Deflect+1","Flechettes+1"],"picked":"Dagger Spray+1","floor":12.0},{"not_picked":["Crippling Poison+1","Sucker Punch+1","Bane+1"],"picked":"SKIP","floor":13.0},{"not_picked":["Grand Finale+1","Deflect+1"],"picked":"Blade Dance+1","floor":14.0},{"not_picked":["Unload+1","After Image"],"picked":"Burst+1","floor":16.0},{"not_picked":["Outmaneuver+1","Sucker Punch+1","Bouncing Flask+1"],"picked":"SKIP","floor":18.0},{"not_picked":["Deflect+1","Outmaneuver+1"],"picked":"Leg Sweep+1","floor":19.0},{"not_picked":["Tactician+1","Choke+1","Dagger Spray+1"],"picked":"SKIP","floor":22.0},{"not_picked":["Heel Hook+1","Deadly Poison+1"],"picked":"Cloak And Dagger+1","floor":23.0},{"not_picked":["Flying Knee+1","Poisoned Stab+1"],"picked":"Acrobatics+1","floor":25.0},{"not_picked":["Slice+1","Dagger Spray+1"],"picked":"Acrobatics+1","floor":29.0},{"not_picked":["Deflect+1","Leg Sweep+1"],"picked":"Acrobatics+1","floor":30.0},{"not_picked":["Backstab+1","Skewer+1","Crippling Poison+1"],"picked":"SKIP","floor":31.0},{"not_picked":["Acrobatics+1","PiercingWail+1"],"picked":"Terror+1","floor":35.0},{"not_picked":["Footwork","Bane+1"],"picked":"PiercingWail+1","floor":36.0},{"not_picked":["Flying Knee+1","Skewer+1","Backstab+1"],"picked":"SKIP","floor":37.0},{"not_picked":["Good Instincts+1","Deep Breath+1"],"picked":"Apotheosis+1","floor":38.0},{"not_picked":["Mind Blast+1","The Bomb+1"],"picked":"Secret Technique+1","floor":38.0},{"not_picked":["Backflip+1","Blade Dance+1"],"picked":"Acrobatics+1","floor":40.0},{"not_picked":["All Out Attack+1","Riddle With Holes+1","Crippling Poison+1"],"picked":"SKIP","floor":42.0},{"not_picked":["Finisher+1","Dagger Throw+1"],"picked":"Dodge and Roll+1","floor":44.0},{"not_picked":["Sucker Punch+1","Deflect+1"],"picked":"Blade Dance+1","floor":46.0},{"not_picked":["Sucker Punch+1","Bouncing Flask+1"],"picked":"Blur+1","floor":47.0},{"not_picked":["Backflip+1","Footwork","Quick Slash+1"],"picked":"SKIP","floor":48.0},{"not_picked":["Backflip+1","Footwork","Quick Slash+1"],"picked":"SKIP","floor":48.0},{"not_picked":["Predator+1","All Out Attack+1","Backstab+1"],"picked":"SKIP","floor":55.0}],"player_experience":884354,"relics_obtained":[{"floor":7.0,"key":"Toxic Egg 2"},{"floor":9.0,"key":"Molten Egg 2"},{"floor":11.0,"key":"Bottled Tornado"},{"floor":14.0,"key":"Thread and Needle"},{"floor":23.0,"key":"CeramicFish"},{"floor":25.0,"key":"Regal Pillow"},{"floor":29.0,"key":"Pen Nib"},{"floor":31.0,"key":"White Beast Statue"},{"floor":40.0,"key":"StrikeDummy"},{"floor":42.0,"key":"Ornamental Fan"},{"floor":43.0,"key":"InkBottle"},{"floor":46.0,"key":"Peace Pipe"},{"floor":47.0,"key":"PreservedInsect"},{"floor":55.0,"key":"Orichalcum"}],"event_choices":[{"damage_healed":0.0,"max_hp_gain":0.0,"max_hp_loss":0.0,"gold_gain":0.0,"event_name":"Scrap Ooze","player_choice":"Success","floor":3.0,"gold_loss":0.0,"damage_taken":26.0,"relics_obtained":["Shuriken"]},{"damage_healed":0.0,"max_hp_gain":0.0,"max_hp_loss":0.0,"gold_gain":0.0,"event_name":"Vampires","player_choice":"Ignored","floor":21.0,"gold_loss":0.0,"damage_taken":0.0},{"cards_removed":["Strike_G"],"damage_healed":0.0,"max_hp_gain":0.0,"max_hp_loss":0.0,"gold_gain":0.0,"event_name":"Beggar","player_choice":"Gave Gold","floor":28.0,"gold_loss":75.0,"damage_taken":0.0},{"damage_healed":0.0,"max_hp_gain":0.0,"max_hp_loss":0.0,"gold_gain":0.0,"event_name":"SensoryStone","player_choice":"Memory 3","floor":38.0,"gold_loss":0.0,"damage_taken":10.0},{"damage_healed":0.0,"max_hp_gain":0.0,"max_hp_loss":0.0,"gold_gain":0.0,"event_name":"Tomb of Lord Red Mask","player_choice":"Ignored","floor":39.0,"gold_loss":0.0,"damage_taken":0.0},{"damage_healed":0.0,"max_hp_gain":0.0,"max_hp_loss":0.0,"gold_gain":0.0,"event_name":"MindBloom","player_choice":"Fight","floor":46.0,"gold_loss":0.0,"damage_taken":0.0}],"is_beta":false,"boss_relics":[{"not_picked":["Snecko Eye","Fusion Hammer"],"picked":"WristBlade"},{"not_picked":["Philosopher\u0027s Stone","Runic Pyramid"],"picked":"HoveringKite"}],"items_purged_floors":[45],"is_endless":false,"potions_floor_spawned":[1,7,12,14,16,18,25,29,33,35,36,37,40,42,44,46,47,48,55],"killed_by":"The Heart","ascension_level":20}