{"gold_per_floor":[15,25,44,55,19,19,37,67,67,81,108,120,182,209,221,310,322,349,375,387,423,206,538,538,552,552,581,581,44,54,54,54,127,127,140,151,151,176,187,219,219,250,276,123,123,151,151,151,151,151,151,151,26,61,61],"floor_reached":56,"playtime":3267,"items_purged":["Strike_G","Strike_G","Strike_G"],"score":2283,"play_id":"b6061396-4dd0-4a45-bad6-d318b880624b","local_time":"20231121212659","is_ascension_mode":true,"campfire_choices":[{"data":"Backstab","floor":6.0,"key":"SMITH"},{"data":"Calculated Gamble","floor":12.0,"key":"SMITH"},{"data":"Calculated Gamble","floor":15.0,"key":"SMITH"},{"data":"Blade Dance","floor":24.0,"key":"SMITH"},{"data":"Tactician","floor":28.0,"key":"SMITH"},{"data":"Terror","floor":32.0,"key":"SMITH"},{"data":"Tactician","floor":41,"key":"SMITH"},{"floor":47,"key":"RECALL"},{"data":"Acrobatics","floor":49,"key":"SMITH"},{"data":"Neutralize","floor":52,"key":"SMITH"}],"neow_cost":"NO_GOLD","seed_source_timestamp":560936544359300,"circlet_count":0,"master_deck":["AscendersBane","Strike_G","Strike_G","Defend_G","Defend_G","Defend_G+1","Defend_G","Defend_G","Survivor","Neutralize+1","Backstab+1","Deadly Poison","Calculated Gamble+1","Underhanded Strike","Calculated Gamble+1","Terror+1","Distraction+1","Ghostly","Ghostly","Ghostly","Blade Dance+1","Blade Dance+1","PiercingWail","Tactician+1","Acrobatics+1","Well Laid Plans+1","Backflip","Venomology","Deflect","Backflip+1","Tactician+1","Deflect+1"],"special_seed":0,"relics":["Ring of the Snake","Dead Branch","Potion Belt","Kunai","MawBank","SacredBark","Centennial Puzzle","Old Coin","Bottled Lightning","Shuriken","Orrery","Coffee Dripper","StoneCalendar","MealTicket","Toy Ornithopter","War Paint","ClockworkSouvenir","Nunchaku","Toxic Egg 2","Art of War"],"potions_floor_usage":[33,38,39,40,46,54,55,55,55,55],"damage_taken":[{"damage":2.0,"enemies":"Small Slimes","floor":1.0,"turns":5.0},{"damage":0.0,"enemies":"Cultist","floor":2.0,"turns":3.0},{"damage":0.0,"enemies":"Jaw Worm","floor":3.0,"turns":2.0},{"damage":0.0,"enemies":"Large Slime","floor":4.0,"turns":3.0},{"damage":0.0,"enemies":"Exordium Thugs","floor":7.0,"turns":2.0},{"damage":17.0,"enemies":"3 Sentries","floor":8.0,"turns":5.0},{"damage":0.0,"enemies":"Blue Slaver","floor":10.0,"turns":3.0},{"damage":8.0,"enemies":"Gremlin Nob","floor":11.0,"turns":3.0},{"damage":0.0,"enemies":"Exordium Wildlife","floor":14.0,"turns":2.0},{"damage":15.0,"enemies":"Hexaghost","floor":16.0,"turns":9.0},{"damage":17.0,"enemies":"Shell Parasite","floor":18.0,"turns":7.0},{"damage":11.0,"enemies":"2 Thieves","floor":19.0,"turns":4.0},{"damage":3.0,"enemies":"Slavers","floor":23.0,"turns":5.0},{"damage":1.0,"enemies":"Centurion and Healer","floor":25.0,"turns":6.0},{"damage":0.0,"enemies":"Gremlin Leader","floor":27.0,"turns":6.0},{"damage":0.0,"enemies":"Chosen and Byrds","floor":30.0,"turns":4.0},{"damage":0,"enemies":"Collector","floor":33,"turns":5},{"damage":0,"enemies":"Orb Walker","floor":35,"turns":2},{"damage":0,"enemies":"3 Darklings","floor":36,"turns":2},{"damage":0,"enemies":"Mind Bloom Boss Battle","floor":38,"turns":3},{"damage":5,"enemies":"Sphere and 2 Shapes","floor":39,"turns":5},{"damage":0,"enemies":"Giant Head","floor":40,"turns":4},{"damage":0,"enemies":"Reptomancer","floor":42,"turns":2},{"damage":1,"enemies":"Nemesis","floor":46,"turns":5},{"damage":2,"enemies":"Donu and Deca","floor":50,"turns":5},{"damage":0,"enemies":"Shield and Spear","floor":54,"turns":3},{"damage":3,"enemies":"The Heart","floor":55,"turns":6}],"seed_played":"-7034517345202201591","potions_obtained":[{"floor":3.0,"key":"LiquidMemories"},{"floor":4.0,"key":"Energy Potion"},{"floor":8.0,"key":"DistilledChaos"},{"floor":16.0,"key":"Block Potion"},{"floor":23.0,"key":"SteroidPotion"},{"floor":27.0,"key":"LiquidMemories"},{"floor":38,"key":"CunningPotion"}],"is_trial":false,"path_per_floor":["M","M","M","M","$","R","M","E","T","M","E","R","?","M","R","B",null,"M","M","?","T","$","E","R","M","T","E","R","$","M","?","R","B",null,"M","M","?","?","M","E","R","E","T","$","$","E","R","T","R","B",null,"R","$","E","B",null],"character_chosen":"THE_SILENT","items_purchased":["Calculated Gamble","Blade Dance","SkillPotion","Strength Potion","Shuriken","Acrobatics","Orrery","ClockworkSouvenir"],"campfire_rested":0,"item_purchase_floors":[5,22,22,22,29,29,29,44],"current_hp_per_floor":[57,57,57,57,57,57,57,40,40,40,32,32,32,32,32,17,54,37,26,26,26,26,23,23,22,22,22,22,22,22,22,22,22,30,30,30,30,30,25,25,25,25,25,33,33,32,32,32,32,30,32,32,33,33,33],"gold":61,"neow_bonus":"ONE_RARE_RELIC","is_prod":false,"is_daily":false,"chose_seed":false,"campfire_upgraded":9,"win_rate":0,"timestamp":1700630819,"path_taken":["M","M","M","M","$","R","M","E","T","M","E","R","?","M","R","BOSS","M","?","?","?","$","E","R","M","T","E","R","$","M","?","R","BOSS","M","M","?","?","M","E","R","E","T","?","$","E","R","?","R","BOSS","R","$","E","BOSS"],"build_version":"2022-12-18","purchased_purges":3,"victory":true,"max_hp_per_floor":[66,66,66,66,66,66,66,66,66,66,66,66,66,66,66,66,66,66,66,33,33,33,33,33,33,33,33,33,33,33,33,33,33,33,33,33,33,33,33,33,33,33,33,33,33,33,33,33,33,33,33,33,33,33,33],"card_choices":[{"not_picked":["Dagger Spray","Masterful Stab"],"picked":"Backstab","floor":1.0},{"not_picked":["Flechettes","Backstab"],"picked":"Deadly Poison","floor":2.0},{"not_picked":["Quick Slash","Slice"],"picked":"Calculated Gamble","floor":3.0},{"not_picked":["Tactician","Prepared"],"picked":"Underhanded Strike","floor":4.0},{"not_picked":["Escape Plan","Quick Slash"],"picked":"Underhanded Strike","floor":7.0},{"not_picked":["Dagger Throw","Prepared"],"picked":"Terror","floor":8.0},{"not_picked":["All Out Attack","Catalyst","Underhanded Strike"],"picked":"SKIP","floor":10.0},{"not_picked":["Outmaneuver","Poisoned Stab","Bane"],"picked":"SKIP","floor":11.0},{"not_picked":["Underhanded Strike","Poisoned Stab","Doppelganger"],"picked":"SKIP","floor":14.0},{"not_picked":["Backflip","Prepared"],"picked":"Distraction+1","floor":18.0},{"not_picked":["Outmaneuver","Backstab","Predator"],"picked":"SKIP","floor":19.0},{"not_picked":["Accuracy","Bane"],"picked":"Blade Dance","floor":23.0},{"not_picked":["Cloak And Dagger","Night Terror"],"picked":"PiercingWail","floor":25.0},{"not_picked":["Expertise","Deflect"],"picked":"Tactician","floor":27.0},{"not_picked":["Deflect","Dagger Throw+1"],"picked":"Well Laid Plans+1","floor":29.0},{"not_picked":["Deadly Poison","Sucker Punch"],"picked":"Backflip","floor":29.0},{"not_picked":["Caltrops","Dodge and Roll","Leg Sweep"],"picked":"SKIP","floor":30.0},{"not_picked":["Storm of Steel","Glass Knife"],"picked":"Venomology","floor":33},{"not_picked":["Footwork","Leg Sweep+1"],"picked":"Deflect","floor":35},{"not_picked":["Slice","Underhanded Strike","Dodge and Roll"],"picked":"SKIP","floor":36},{"not_picked":["All Out Attack+1","Flying Knee+1"],"picked":"Backflip+1","floor":39},{"not_picked":["Bouncing Flask","Concentrate"],"picked":"Tactician","floor":40},{"not_picked":["Dagger Spray","Blade Dance","Prepared"],"picked":"SKIP","floor":42},{"not_picked":["Bane","Flying Knee","Prepared"],"picked":"SKIP","floor":46},{"not_picked":["Envenom","Sucker Punch+1"],"picked":"Deflect+1","floor":54}],"player_experience":914614,"relics_obtained":[{"floor":8.0,"key":"Potion Belt"},{"floor":9.0,"key":"Kunai"},{"floor":11.0,"key":"MawBank"},{"floor":21.0,"key":"Centennial Puzzle"},{"floor":23.0,"key":"Old Coin"},{"floor":27.0,"key":"Bottled Lightning"},{"floor":38,"key":"StoneCalendar"},{"floor":40,"key":"MealTicket"},{"floor":42,"key":"Toy Ornithopter"},{"floor":43,"key":"War Paint"},{"floor":46,"key":"Nunchaku"},{"floor":48,"key":"Toxic Egg 2"},{"floor":54,"key":"Art of War"}],"event_choices":[{"damage_healed":0.0,"max_hp_gain":0.0,"max_hp_loss":0.0,"gold_gain":50.0,"event_name":"Golden Shrine","player_choice":"Pray","floor":13.0,"gold_loss":0.0,"damage_taken":0.0},{"damage_healed":0.0,"max_hp_gain":0.0,"max_hp_loss":33.0,"gold_gain":0.0,"event_name":"Ghosts","player_choice":"Became a Ghost","floor":20.0,"gold_loss":0.0,"damage_taken":0.0,"cards_obtained":["Ghostly","Ghostly","Ghostly"]},{"cards_removed":["Underhanded Strike"],"damage_healed":0,"gold_gain":0,"player_choice":"Removed Attack","damage_taken":0,"max_hp_gain":0,"max_hp_loss":0,"event_name":"Falling","floor":37,"gold_loss":0},{"damage_healed":0,"gold_gain":0,"player_choice":"Fight","damage_taken":0,"max_hp_gain":0,"max_hp_loss":0,"event_name":"MindBloom","floor":38,"gold_loss":0}],"is_beta":false,"boss_relics":[{"not_picked":["Black Star","Snecko Eye"],"picked":"SacredBark"},{"not_picked":["Runic Pyramid","Sozu"],"picked":"Coffee Dripper"}],"items_purged_floors":[22,29,53],"is_endless":false,"potions_floor_spawned":[3,4,8,16,23,27,30,38,39,42],"ascension_level":15}