{"gold_per_floor":[367,382,399,399,418,418,150,185,210,236,248,208,208,241,241,241],"floor_reached":16,"playtime":996,"items_purged":["Strike_G"],"score":260,"play_id":"39007ddf-0af3-411e-9db1-1c2de6ef051d","local_time":"20231206211939","is_ascension_mode":true,"campfire_choices":[{"data":"Quick Slash","floor":6,"key":"SMITH"},{"data":"Dagger Throw","floor":13,"key":"SMITH"},{"data":"Burst","floor":15,"key":"SMITH"}],"neow_cost":"CURSE","seed_source_timestamp":1858962829781900,"circlet_count":0,"master_deck":["AscendersBane","Strike_G","Strike_G","Strike_G","Strike_G","Defend_G","Defend_G","Defend_G","Defend_G","Defend_G","Survivor","Neutralize","PiercingWail","Blur","Quick Slash+1","Dagger Throw+1","Trip","Burst+1","Leg Sweep","Eviscerate"],"relics":["Ring of the Snake","Spirit Poop","PreservedInsect","Potion Belt","Akabeko","Blood Vial"],"potions_floor_usage":[5,5,8,10,16,16,16,16],"damage_taken":[{"damage":5,"enemies":"Small Slimes","floor":1,"turns":3},{"damage":1,"enemies":"Cultist","floor":2,"turns":5},{"damage":6,"enemies":"Jaw Worm","floor":3,"turns":7},{"damage":9,"enemies":"Exordium Thugs","floor":5,"turns":5},{"damage":4,"enemies":"3 Sentries","floor":8,"turns":8},{"damage":0,"enemies":"Gremlin Nob","floor":10,"turns":2},{"damage":2,"enemies":"Blue Slaver","floor":11,"turns":5},{"damage":16,"enemies":"3 Sentries","floor":14,"turns":9},{"damage":18,"enemies":"Hexaghost","floor":16,"turns":16}],"seed_played":"-922029862647553674","potions_obtained":[{"floor":1,"key":"BlessingOfTheForge"},{"floor":3,"key":"Swift Potion"},{"floor":5,"key":"Fire Potion"},{"floor":12,"key":"DuplicationPotion"},{"floor":12,"key":"EssenceOfSteel"},{"floor":12,"key":"BlessingOfTheForge"},{"floor":14,"key":"SpeedPotion"}],"is_trial":false,"path_per_floor":["M","M","M","?","M","R","$","E","T","E","M","?","R","E","R","B"],"character_chosen":"THE_SILENT","items_purchased":["CunningPotion","Trip"],"campfire_rested":0,"item_purchase_floors":[7,7],"current_hp_per_floor":[54,53,47,47,38,38,38,34,34,34,32,32,32,16,16,0],"gold":241,"neow_bonus":"TWO_FIFTY_GOLD","is_prod":false,"is_daily":false,"chose_seed":false,"campfire_upgraded":3,"win_rate":0,"timestamp":1701926379,"path_taken":["M","M","M","?","?","R","$","E","T","E","M","?","R","E","R","BOSS"],"build_version":"2022-12-18","purchased_purges":1,"victory":false,"max_hp_per_floor":[66,66,66,66,66,66,66,66,66,66,66,66,66,66,66,66],"card_choices":[{"not_picked":["Noxious Fumes","Deflect"],"picked":"PiercingWail","floor":1},{"not_picked":["Prepared","Outmaneuver"],"picked":"Blur","floor":2},{"not_picked":["Distraction","Bouncing Flask"],"picked":"Quick Slash","floor":3},{"not_picked":["Heel Hook","Deflect"],"picked":"Dagger Throw","floor":5},{"not_picked":["Flying Knee","Deflect"],"picked":"Burst","floor":8},{"not_picked":["Flying Knee","Deadly Poison"],"picked":"Leg Sweep","floor":10},{"not_picked":["A Thousand Cuts","Deflect"],"picked":"Eviscerate","floor":11},{"not_picked":["Corpse Explosion","Masterful Stab","Flying Knee"],"picked":"SKIP","floor":14}],"player_experience":932727,"relics_obtained":[{"floor":8,"key":"PreservedInsect"},{"floor":9,"key":"Potion Belt"},{"floor":10,"key":"Akabeko"},{"floor":14,"key":"Blood Vial"}],"event_choices":[{"cards_removed":["Regret"],"damage_healed":0,"gold_gain":0,"player_choice":"Offered Curse","damage_taken":0,"relics_obtained":["Spirit Poop"],"max_hp_gain":0,"max_hp_loss":0,"event_name":"Bonfire Elementals","floor":4,"gold_loss":0},{"damage_healed":0,"gold_gain":0,"player_choice":"Bought 3 Potions","damage_taken":0,"max_hp_gain":0,"max_hp_loss":0,"event_name":"The Woman in Blue","floor":12,"gold_loss":0}],"is_beta":false,"boss_relics":[],"items_purged_floors":[7],"is_endless":false,"potions_floor_spawned":[1,3,5,14],"killed_by":"Hexaghost","ascension_level":16}