{"gold_per_floor":[17,27,41,56,70,70,98,98,124,154,154,229,229,229,229,303,303,321,352,362,372,387,387,140,140,187,187,197,224,21,56,56,133,133,153,153,153,172,96,96],"floor_reached":40,"playtime":1695,"items_purged":["Strike_G","Strike_G"],"score":872,"play_id":"ea663b66-7929-4ea3-82d3-97f0cde5355c","local_time":"20231216162858","is_ascension_mode":true,"campfire_choices":[{"data":"Dagger Spray","floor":6.0,"key":"SMITH"},{"data":"Blade Dance","floor":8.0,"key":"SMITH"},{"data":"Phantasmal Killer","floor":11.0,"key":"SMITH"},{"data":"Prepared","floor":13.0,"key":"SMITH"},{"data":"Sucker Punch","floor":15.0,"key":"SMITH"},{"data":"Glass Knife","floor":23,"key":"SMITH"},{"floor":25,"key":"REST"},{"floor":32,"key":"REST"}],"neow_cost":"NO_GOLD","seed_source_timestamp":280134910057900,"circlet_count":0,"master_deck":["AscendersBane","Strike_G","Defend_G","Defend_G","Defend_G","Defend_G","Survivor","Neutralize","Sucker Punch+1","Underhanded Strike","Dagger Spray+1","Blade Dance+1","Prepared+1","Phantasmal Killer+1","Adrenaline","Eviscerate","PiercingWail","Glass Knife+1","Backflip","Dagger Throw+1","A Thousand Cuts","Unload","Acrobatics","Well Laid Plans","Night Terror","PiercingWail","Footwork"],"special_seed":0,"relics":["Ring of the Snake","WingedGreaves","Strawberry","Vajra","Blood Vial","HoveringKite","Red Mask","Orrery","Regal Pillow","Calipers","Coffee Dripper"],"potions_floor_usage":[33,33,40],"damage_taken":[{"damage":3.0,"enemies":"Cultist","floor":1.0,"turns":4.0},{"damage":1.0,"enemies":"2 Louse","floor":2.0,"turns":3.0},{"damage":6.0,"enemies":"Jaw Worm","floor":3.0,"turns":6.0},{"damage":5.0,"enemies":"2 Fungi Beasts","floor":4.0,"turns":3.0},{"damage":9.0,"enemies":"Exordium Wildlife","floor":5.0,"turns":4.0},{"damage":4.0,"enemies":"3 Sentries","floor":7.0,"turns":7.0},{"damage":6.0,"enemies":"Gremlin Nob","floor":10.0,"turns":3.0},{"damage":13.0,"enemies":"Hexaghost","floor":16.0,"turns":8.0},{"damage":4.0,"enemies":"2 Thieves","floor":18.0,"turns":2.0},{"damage":4.0,"enemies":"Masked Bandits","floor":19.0,"turns":2.0},{"damage":17.0,"enemies":"Spheric Guardian","floor":20.0,"turns":4.0},{"damage":17.0,"enemies":"Centurion and Healer","floor":21.0,"turns":7.0},{"damage":10,"enemies":"Shelled Parasite and Fungi","floor":22,"turns":2},{"damage":6,"enemies":"Snecko","floor":28,"turns":4},{"damage":6,"enemies":"Slavers","floor":29,"turns":2},{"damage":0,"enemies":"Book of Stabbing","floor":31,"turns":2},{"damage":39,"enemies":"Automaton","floor":33,"turns":8},{"damage":8,"enemies":"3 Darklings","floor":35,"turns":4},{"damage":0,"enemies":"3 Shapes","floor":38,"turns":8},{"damage":54,"enemies":"Reptomancer","floor":40,"turns":7}],"seed_played":"3802617234549700020","potions_obtained":[{"floor":1.0,"key":"ColorlessPotion"},{"floor":3.0,"key":"AttackPotion"},{"floor":7.0,"key":"Poison Potion"},{"floor":18.0,"key":"SkillPotion"},{"floor":22,"key":"Poison Potion"},{"floor":29,"key":"SpeedPotion"},{"floor":31,"key":"SkillPotion"},{"floor":33,"key":"DistilledChaos"}],"is_trial":false,"path_per_floor":["M","M","M","M","M","R","E","R","T","E","R","?","R","?","R","B",null,"M","?","M","M","M","R","$","R","T","?","M","E","$","E","R","B",null,"M","?","?","M","$","E"],"character_chosen":"THE_SILENT","items_purchased":["Orrery","Acrobatics","Well Laid Plans","Footwork"],"campfire_rested":2,"item_purchase_floors":[24,30,30,39],"current_hp_per_floor":[56,55,49,44,35,35,38,38,38,32,32,21,21,21,21,10,57,55,53,38,23,15,15,15,36,36,36,32,28,28,30,66,29,62,56,56,46,48,48,0],"gold":96,"neow_bonus":"ONE_RARE_RELIC","is_prod":false,"is_daily":false,"chose_seed":false,"campfire_upgraded":6,"win_rate":0,"timestamp":1702772938,"path_taken":["M","M","?","M","M","R","E","R","T","E","R","?","R","?","R","BOSS","M","?","M","M","M","R","$","R","T","?","M","E","$","E","R","BOSS","M","?","?","M","?","E"],"build_version":"2022-12-18","purchased_purges":2,"victory":false,"max_hp_per_floor":[66,66,66,66,66,66,73,73,73,73,73,73,73,73,73,73,73,73,73,73,73,73,73,73,73,73,73,73,73,73,73,73,73,73,73,73,73,73,73,73],"card_choices":[{"not_picked":["Quick Slash","Concentrate"],"picked":"Sucker Punch","floor":1.0},{"not_picked":["Cloak And Dagger","Crippling Poison"],"picked":"Underhanded Strike","floor":2.0},{"not_picked":["Deflect","Skewer"],"picked":"Dagger Spray","floor":3.0},{"not_picked":["PiercingWail","Grand Finale"],"picked":"Blade Dance","floor":4.0},{"not_picked":["Deadly Poison","Deflect"],"picked":"Prepared","floor":5.0},{"not_picked":["Calculated Gamble","Poisoned Stab"],"picked":"Phantasmal Killer","floor":7.0},{"not_picked":["Slice","Concentrate","Poisoned Stab"],"picked":"SKIP","floor":10.0},{"not_picked":["Glass Knife","Bullet Time"],"picked":"Adrenaline","floor":16.0},{"not_picked":["Quick Slash","Outmaneuver"],"picked":"Eviscerate","floor":18.0},{"not_picked":["Catalyst","Dodge and Roll"],"picked":"PiercingWail","floor":19.0},{"not_picked":["Crippling Poison+1","Infinite Blades","Dagger Throw"],"picked":"SKIP","floor":20.0},{"not_picked":["Blade Dance","Concentrate"],"picked":"Glass Knife","floor":21.0},{"not_picked":["Flying Knee","Heel Hook","Deadly Poison"],"picked":"SKIP","floor":22},{"not_picked":["Bane","Poisoned Stab"],"picked":"Backflip","floor":24},{"not_picked":["Cloak And Dagger+1","Outmaneuver"],"picked":"Dagger Throw+1","floor":24},{"not_picked":["Deadly Poison","Tactician+1","Flechettes"],"picked":"SKIP","floor":28},{"not_picked":["Bane","Quick Slash+1","Underhanded Strike"],"picked":"SKIP","floor":29},{"not_picked":["Expertise","Doppelganger","Dodge and Roll"],"picked":"SKIP","floor":31},{"not_picked":["Doppelganger","Corpse Explosion"],"picked":"Night Terror","floor":33},{"not_picked":["Underhanded Strike","Bane+1"],"picked":"PiercingWail","floor":35},{"not_picked":["Deadly Poison","Dagger Throw","Backstab"],"picked":"SKIP","floor":38}],"player_experience":1008015,"relics_obtained":[{"floor":7.0,"key":"Strawberry"},{"floor":9.0,"key":"Vajra"},{"floor":10.0,"key":"Blood Vial"},{"floor":19.0,"key":"Red Mask"},{"floor":29,"key":"Regal Pillow"},{"floor":31,"key":"Calipers"}],"event_choices":[{"damage_healed":0.0,"max_hp_gain":0.0,"max_hp_loss":0.0,"gold_gain":75.0,"event_name":"World of Goop","player_choice":"Gather Gold","floor":12.0,"gold_loss":0.0,"damage_taken":11.0},{"damage_healed":0.0,"max_hp_gain":0.0,"max_hp_loss":0.0,"gold_gain":0.0,"event_name":"Liars Game","player_choice":"Ignored","floor":14.0,"gold_loss":0.0,"damage_taken":0.0},{"damage_healed":0.0,"max_hp_gain":0.0,"max_hp_loss":0.0,"gold_gain":0.0,"event_name":"Masked Bandits","player_choice":"Fought Bandits","floor":19.0,"gold_loss":0.0,"damage_taken":0.0},{"damage_healed":0,"gold_gain":0,"cards_transformed":["Strike_G","Strike_G"],"player_choice":"Became Test Subject","damage_taken":0,"max_hp_gain":0,"max_hp_loss":0,"event_name":"Drug Dealer","floor":27,"gold_loss":0,"cards_obtained":["A Thousand Cuts","Unload"]},{"cards_removed":["Defend_G"],"damage_healed":0,"gold_gain":0,"player_choice":"Removed Skill","damage_taken":0,"max_hp_gain":0,"max_hp_loss":0,"event_name":"Falling","floor":36,"gold_loss":0},{"damage_healed":0,"gold_gain":0,"player_choice":"Memory 3","damage_taken":10,"max_hp_gain":0,"max_hp_loss":0,"event_name":"SensoryStone","floor":37,"gold_loss":0}],"is_beta":false,"boss_relics":[{"not_picked":["Sozu","SlaversCollar"],"picked":"HoveringKite"},{"not_picked":["Astrolabe","Busted Crown"],"picked":"Coffee Dripper"}],"items_purged_floors":[24,30],"is_endless":false,"potions_floor_spawned":[1,3,7,18,22,29,31,33],"killed_by":"Reptomancer","ascension_level":18}