{"gold_per_floor":[109,128,29,42,55,55,65,100,124,124,172,172,188,213,213,213],"floor_reached":16,"playtime":583,"items_purged":["Strike_G"],"score":211,"play_id":"864f5c51-3b9f-4c36-bf11-9d4549bbaef9","local_time":"20231210130005","is_ascension_mode":true,"campfire_choices":[{"data":"Blade Dance","floor":6,"key":"SMITH"},{"floor":15,"key":"REST"}],"neow_cost":"NONE","seed_source_timestamp":217961299768100,"circlet_count":0,"master_deck":["AscendersBane","Strike_G","Strike_G","Strike_G","Defend_G","Defend_G","Defend_G","Defend_G","Survivor","Neutralize","Underhanded Strike","Blade Dance+1","Deflect","Accuracy","Backstab","Die Die Die"],"relics":["Ring of the Snake","The Courier","CeramicFish","Golden Idol","Bag of Marbles"],"potions_floor_usage":[11,15],"damage_taken":[{"damage":1,"enemies":"2 Louse","floor":1,"turns":3},{"damage":1,"enemies":"Cultist","floor":2,"turns":4},{"damage":0,"enemies":"Small Slimes","floor":4,"turns":3},{"damage":3,"enemies":"Blue Slaver","floor":5,"turns":4},{"damage":2,"enemies":"Looter","floor":7,"turns":3},{"damage":16,"enemies":"Gremlin Nob","floor":8,"turns":4},{"damage":30,"enemies":"Lagavulin","floor":11,"turns":9},{"damage":0,"enemies":"Exordium Wildlife","floor":13,"turns":4},{"damage":0,"enemies":"3 Louse","floor":14,"turns":1},{"damage":37,"enemies":"The Guardian","floor":16,"turns":14}],"seed_played":"356101060110545281","potions_obtained":[{"floor":4,"key":"Weak Potion"},{"floor":7,"key":"Ancient Potion"},{"floor":11,"key":"Fruit Juice"}],"is_trial":false,"path_per_floor":["M","M","$","M","M","R","M","E","T","?","E","?","M","M","R","B"],"character_chosen":"THE_SILENT","items_purchased":["Deflect"],"campfire_rested":1,"item_purchase_floors":[3],"current_hp_per_floor":[58,57,57,57,54,54,52,36,36,36,6,6,6,6,30,0],"gold":213,"neow_bonus":"REMOVE_CARD","is_prod":false,"is_daily":false,"chose_seed":false,"campfire_upgraded":1,"win_rate":0,"timestamp":1702242005,"path_taken":["M","M","$","M","M","R","M","E","T","?","E","?","M","M","R","BOSS"],"build_version":"2022-12-18","purchased_purges":1,"victory":false,"max_hp_per_floor":[66,66,66,66,66,66,66,66,66,60,60,60,60,60,65,65],"card_choices":[{"not_picked":["Dodge and Roll","Outmaneuver"],"picked":"Underhanded Strike","floor":1},{"not_picked":["Riddle With Holes","Dagger Spray"],"picked":"Blade Dance","floor":2},{"not_picked":["Poisoned Stab","Underhanded Strike"],"picked":"Accuracy","floor":4},{"not_picked":["Blur","Doppelganger"],"picked":"Backstab","floor":5},{"not_picked":["Dodge and Roll","Heel Hook","Underhanded Strike"],"picked":"SKIP","floor":7},{"not_picked":["Deflect","Expertise","Slice"],"picked":"SKIP","floor":8},{"not_picked":["Flechettes","Endless Agony"],"picked":"Die Die Die","floor":11},{"not_picked":["Distraction","Concentrate","Underhanded Strike"],"picked":"SKIP","floor":13},{"not_picked":["Deadly Poison","Poisoned Stab","Infinite Blades"],"picked":"SKIP","floor":14}],"player_experience":959317,"relics_obtained":[{"floor":8,"key":"The Courier"},{"floor":9,"key":"CeramicFish"},{"floor":11,"key":"Bag of Marbles"}],"event_choices":[{"damage_healed":0,"gold_gain":0,"player_choice":"Lose Max HP","damage_taken":0,"relics_obtained":["Golden Idol"],"max_hp_gain":0,"max_hp_loss":6,"event_name":"Golden Idol","floor":10,"gold_loss":0},{"cards_removed":["Strike_G"],"damage_healed":0,"gold_gain":0,"player_choice":"Card Removal","damage_taken":0,"max_hp_gain":0,"max_hp_loss":0,"event_name":"Wheel of Change","floor":12,"gold_loss":0}],"is_beta":false,"boss_relics":[],"items_purged_floors":[3],"is_endless":false,"potions_floor_spawned":[4,7,11],"killed_by":"The Guardian","ascension_level":17}