{"gold_per_floor":[109,125,125,125,11,11,24,36,36,46,46],"floor_reached":11,"playtime":370,"items_purged":["Strike_G"],"score":152,"play_id":"c7d763f8-1f41-41da-b8e3-696dfe38affd","local_time":"20231223023439","is_ascension_mode":true,"campfire_choices":[{"data":"Sucker Punch","floor":6,"key":"SMITH"}],"neow_cost":"NONE","seed_source_timestamp":836315477481500,"circlet_count":0,"master_deck":["AscendersBane","Strike_G","Strike_G","Strike_G","Strike_G","Defend_G","Defend_G","Defend_G","Defend_G","Defend_G","Survivor","Neutralize","Sucker Punch+1","Underhanded Strike","Well Laid Plans","Dagger Spray","Prepared","Glass Knife"],"relics":["Ring of the Snake","Mango","Art of War"],"potions_floor_usage":[10,10],"damage_taken":[{"damage":1,"enemies":"2 Louse","floor":1,"turns":3},{"damage":1,"enemies":"Small Slimes","floor":2,"turns":5},{"damage":0,"enemies":"Cultist","floor":7,"turns":5},{"damage":17,"enemies":"Blue Slaver","floor":8,"turns":4},{"damage":3,"enemies":"Exordium Thugs","floor":10,"turns":6},{"damage":39,"enemies":"Lagavulin","floor":11,"turns":6}],"seed_played":"6351747744172031241","potions_obtained":[{"floor":1,"key":"DistilledChaos"},{"floor":2,"key":"Explosive Potion"}],"is_trial":false,"path_per_floor":["M","M","?","?","$","R","M","M","T","M","E"],"character_chosen":"THE_SILENT","items_purchased":["Well Laid Plans"],"campfire_rested":0,"item_purchase_floors":[5],"current_hp_per_floor":[64,63,59,59,59,59,59,42,42,39,0],"gold":46,"neow_bonus":"TEN_PERCENT_HP_BONUS","is_prod":false,"is_daily":false,"chose_seed":false,"campfire_upgraded":1,"win_rate":0,"timestamp":1703327679,"path_taken":["M","M","?","?","$","R","M","?","T","M","E"],"build_version":"2022-12-18","purchased_purges":1,"victory":false,"max_hp_per_floor":[72,72,86,86,86,86,86,86,86,86,86],"card_choices":[{"not_picked":["Heel Hook","Caltrops"],"picked":"Sucker Punch","floor":1},{"not_picked":["Deflect","Backflip"],"picked":"Underhanded Strike","floor":2},{"not_picked":["Bane","Deflect"],"picked":"Dagger Spray","floor":7},{"not_picked":["Deadly Poison","Backflip"],"picked":"Prepared","floor":8},{"not_picked":["Accuracy","Blade Dance"],"picked":"Glass Knife","floor":10}],"player_experience":1049631,"relics_obtained":[{"floor":4,"key":"Art of War"}],"event_choices":[{"damage_healed":0,"gold_gain":0,"player_choice":"Success","damage_taken":18,"relics_obtained":["Mango"],"max_hp_gain":0,"max_hp_loss":0,"event_name":"Scrap Ooze","floor":3,"gold_loss":0},{"damage_healed":0,"gold_gain":0,"player_choice":"Relic","damage_taken":0,"max_hp_gain":0,"max_hp_loss":0,"event_name":"Wheel of Change","floor":4,"gold_loss":0}],"is_beta":false,"boss_relics":[],"items_purged_floors":[5],"is_endless":false,"potions_floor_spawned":[1,2],"killed_by":"Lagavulin","ascension_level":19}