{"gold_per_floor":[118,131,142,142,162,162,178,189,213,224,251,251,263,289,289,365,365,382,397,397,56,73,104,104,104,104,104],"floor_reached":27,"playtime":1152,"items_purged":["Strike_G"],"score":494,"play_id":"fb36d8cc-8df6-4979-bafb-d6f2b7780b0c","local_time":"20231227135529","is_ascension_mode":true,"campfire_choices":[{"data":"Glass Knife","floor":6,"key":"SMITH"},{"data":"Backstab","floor":12,"key":"SMITH"},{"data":"Prepared","floor":15,"key":"SMITH"},{"floor":25,"key":"REST"}],"neow_cost":"PERCENT_DAMAGE","seed_source_timestamp":1221998649014100,"circlet_count":0,"master_deck":["AscendersBane","Strike_G","Strike_G","Strike_G","Defend_G","Defend_G+1","Defend_G","Defend_G","Defend_G","Survivor","Neutralize","Dagger Throw","Glass Knife+1","Terror","Eviscerate","Backstab+1","Endless Agony","Well Laid Plans+1","Prepared+1","Leg Sweep+1","Venomology","Prepared"],"relics":["Ring of the Snake","Incense Burner","Strawberry","Frozen Egg 2","PreservedInsect","Philosopher\u0027s Stone","Paper Crane","War Paint","WingedGreaves"],"potions_floor_usage":[11,16,18,22,23,27,27,27],"damage_taken":[{"damage":6,"enemies":"Cultist","floor":1,"turns":6},{"damage":2,"enemies":"Jaw Worm","floor":2,"turns":5},{"damage":0,"enemies":"2 Louse","floor":3,"turns":2},{"damage":4,"enemies":"Blue Slaver","floor":5,"turns":3},{"damage":3,"enemies":"3 Louse","floor":7,"turns":6},{"damage":0,"enemies":"Large Slime","floor":8,"turns":4},{"damage":3,"enemies":"Exordium Wildlife","floor":10,"turns":7},{"damage":3,"enemies":"3 Sentries","floor":11,"turns":5},{"damage":0,"enemies":"Gremlin Gang","floor":13,"turns":7},{"damage":8,"enemies":"Gremlin Nob","floor":14,"turns":3},{"damage":2,"enemies":"Hexaghost","floor":16,"turns":8},{"damage":7,"enemies":"3 Byrds","floor":18,"turns":6},{"damage":0,"enemies":"Spheric Guardian","floor":19,"turns":1},{"damage":19,"enemies":"Chosen and Byrds","floor":22,"turns":6},{"damage":16,"enemies":"Book of Stabbing","floor":23,"turns":3},{"damage":46,"enemies":"Slavers","floor":27,"turns":3}],"seed_played":"3304160249877619914","potions_obtained":[{"floor":7,"key":"DistilledChaos"},{"floor":8,"key":"SkillPotion"},{"floor":10,"key":"BlessingOfTheForge"},{"floor":14,"key":"LiquidMemories"},{"floor":16,"key":"Swift Potion"},{"floor":18,"key":"Strength Potion"}],"is_trial":false,"path_per_floor":["M","M","M","?","M","R","M","M","T","M","E","R","M","E","R","B",null,"M","M","?","$","M","E","?","R","T","E"],"character_chosen":"THE_SILENT","items_purchased":["Paper Crane"],"campfire_rested":1,"item_purchase_floors":[21],"current_hp_per_floor":[38,36,36,36,32,32,29,29,36,33,30,30,30,22,22,20,60,53,53,53,53,34,18,18,39,39,0],"gold":104,"neow_bonus":"ONE_RARE_RELIC","is_prod":false,"is_daily":false,"chose_seed":false,"campfire_upgraded":3,"win_rate":0,"timestamp":1703714129,"path_taken":["M","M","?","?","?","R","M","M","T","M","E","R","M","E","R","BOSS","M","?","?","$","M","E","?","R","T","E"],"build_version":"2022-12-18","purchased_purges":1,"victory":false,"max_hp_per_floor":[66,66,66,66,66,66,66,66,73,73,73,73,73,73,73,73,73,73,73,73,73,73,73,73,73,73,73],"card_choices":[{"not_picked":["Acrobatics","Sucker Punch"],"picked":"Dagger Throw","floor":1},{"not_picked":["Escape Plan","Slice"],"picked":"Glass Knife","floor":2},{"not_picked":["Prepared","Setup"],"picked":"Terror","floor":3},{"not_picked":["PiercingWail","Flechettes"],"picked":"Eviscerate","floor":5},{"not_picked":["Flying Knee","Setup"],"picked":"Backstab","floor":7},{"not_picked":["Dash","Dodge and Roll"],"picked":"Endless Agony","floor":8},{"not_picked":["Quick Slash","Dagger Spray","Sucker Punch"],"picked":"SKIP","floor":10},{"not_picked":["Quick Slash","Dagger Spray","Sucker Punch"],"picked":"SKIP","floor":10},{"not_picked":["Setup","Underhanded Strike"],"picked":"Well Laid Plans+1","floor":11},{"not_picked":["Blade Dance","Heel Hook"],"picked":"Prepared","floor":13},{"not_picked":["Unload","Riddle With Holes"],"picked":"Leg Sweep","floor":14},{"not_picked":["Envenom+1","Night Terror"],"picked":"Venomology","floor":16},{"not_picked":["Flying Knee+1","Poisoned Stab","Flechettes"],"picked":"SKIP","floor":18},{"not_picked":["Well Laid Plans+1","Endless Agony"],"picked":"Prepared","floor":19},{"not_picked":["Blade Dance+1","Poisoned Stab","Sucker Punch+1"],"picked":"SKIP","floor":22},{"not_picked":["Bane+1","Crippling Poison","Deflect"],"picked":"SKIP","floor":23}],"player_experience":1110048,"relics_obtained":[{"floor":9,"key":"Strawberry"},{"floor":11,"key":"Frozen Egg 2"},{"floor":14,"key":"PreservedInsect"},{"floor":23,"key":"War Paint"},{"floor":26,"key":"WingedGreaves"}],"event_choices":[{"cards_removed":["Strike_G"],"damage_healed":0,"gold_gain":0,"player_choice":"Offered Basic","damage_taken":0,"max_hp_gain":0,"max_hp_loss":0,"event_name":"Bonfire Elementals","floor":4,"gold_loss":0},{"damage_healed":0,"gold_gain":0,"player_choice":"Ignored","damage_taken":0,"max_hp_gain":0,"max_hp_loss":0,"event_name":"The Mausoleum","floor":20,"gold_loss":0},{"damage_healed":0,"gold_gain":0,"player_choice":"Ignored","damage_taken":0,"max_hp_gain":0,"max_hp_loss":0,"event_name":"Vampires","floor":24,"gold_loss":0}],"is_beta":false,"boss_relics":[{"not_picked":["Busted Crown","Cursed Key"],"picked":"Philosopher\u0027s Stone"}],"items_purged_floors":[21],"is_endless":false,"potions_floor_spawned":[7,8,10,14,16,18],"killed_by":"Slavers","ascension_level":20}