{"gold_per_floor":[111,111,30,45,120,149,19,19,68,112,112,448,468,492,492,575,575,585,602,602,602,68,68,108,108,132,154,154,254,288,311,311,394,394,415,444,457,481,509,509,544,578,578,612,273,273,273,312,312,312,312,312,312,191,219,219],"floor_reached":56,"playtime":3519,"items_purged":["Strike_G","Strike_G+1","Strike_G+1"],"score":2332,"play_id":"66f02f3d-dfb0-4b51-8d0e-1254da4c86e7","local_time":"20231229035903","is_ascension_mode":true,"campfire_choices":[{"data":"Dagger Spray","floor":8.0,"key":"SMITH"},{"data":"Terror","floor":11.0,"key":"SMITH"},{"data":"Calculated Gamble","floor":15.0,"key":"SMITH"},{"data":"Venomology","floor":23.0,"key":"SMITH"},{"data":"Underhanded Strike","floor":25.0,"key":"SMITH"},{"floor":28.0,"key":"REST"},{"floor":32.0,"key":"REST"},{"floor":40.0,"key":"RECALL"},{"data":"Leg Sweep","floor":47.0,"key":"SMITH"},{"data":"Neutralize","floor":49.0,"key":"SMITH"},{"data":"Backflip","floor":53.0,"key":"SMITH"}],"neow_cost":"NONE","seed_source_timestamp":1356494641450600,"circlet_count":0,"master_deck":["AscendersBane","Strike_G+1","Strike_G+1","Defend_G+1","Defend_G+1","Defend_G+1","Defend_G+1","Defend_G+1","Survivor","Neutralize+1","Leg Sweep+1","Terror+1","Masterful Stab","Dagger Spray+1","Dagger Throw","Backflip+1","Calculated Gamble+1","Endless Agony","Venomology+1","Underhanded Strike+1","Escape Plan+1","Catalyst+1","Escape Plan+1","Deadly Poison+1","Prepared+1","Leg Sweep+1","Corpse Explosion+1","Cloak And Dagger+1","Acrobatics+1","Cloak And Dagger+1","PiercingWail+1","Backflip+1","PiercingWail+1","Acrobatics+1","Deflect+1","Deadly Poison+1","Deadly Poison+1","PiercingWail+1","Escape Plan+1"],"special_seed":0,"relics":["Ring of the Snake","NeowsBlessing","Regal Pillow","Nunchaku","CeramicFish","Kunai","Old Coin","Runic Pyramid","Toxic Egg 2","HornCleat","Anchor","Gambling Chip","Mercury Hourglass","Pear","Coffee Dripper","Bronze Scales","Du-Vu Doll","Meat on the Bone","Snake Skull","Juzu Bracelet","Orrery","Strawberry"],"potions_floor_usage":[56],"damage_taken":[{"damage":0.0,"enemies":"2 Louse","floor":1.0,"turns":1.0},{"damage":0.0,"enemies":"Small Slimes","floor":4.0,"turns":1.0},{"damage":0.0,"enemies":"3 Sentries","floor":6.0,"turns":1.0},{"damage":8.0,"enemies":"Gremlin Nob","floor":10.0,"turns":3.0},{"damage":7.0,"enemies":"Lagavulin","floor":12.0,"turns":8.0},{"damage":0.0,"enemies":"Jaw Worm","floor":13.0,"turns":3.0},{"damage":0.0,"enemies":"Blue Slaver","floor":14.0,"turns":3.0},{"damage":2.0,"enemies":"The Guardian","floor":16.0,"turns":13.0},{"damage":2.0,"enemies":"Spheric Guardian","floor":18.0,"turns":5.0},{"damage":0.0,"enemies":"Chosen","floor":19.0,"turns":4.0},{"damage":37.0,"enemies":"Slavers","floor":24.0,"turns":7.0},{"damage":9.0,"enemies":"Sentry and Sphere","floor":27.0,"turns":8.0},{"damage":0.0,"enemies":"Colosseum Slavers","floor":29.0,"turns":4.0},{"damage":0.0,"enemies":"Colosseum Nobs","floor":29.0,"turns":5.0},{"damage":18.0,"enemies":"Book of Stabbing","floor":30.0,"turns":4.0},{"damage":0.0,"enemies":"Snake Plant","floor":31.0,"turns":3.0},{"damage":0.0,"enemies":"Collector","floor":33.0,"turns":7.0},{"damage":0.0,"enemies":"3 Shapes","floor":35.0,"turns":2.0},{"damage":0.0,"enemies":"3 Darklings","floor":36.0,"turns":2.0},{"damage":0.0,"enemies":"Writhing Mass","floor":37.0,"turns":5.0},{"damage":0.0,"enemies":"Maw","floor":38.0,"turns":5.0},{"damage":0.0,"enemies":"Sphere and 2 Shapes","floor":39.0,"turns":3.0},{"damage":13.0,"enemies":"Nemesis","floor":41.0,"turns":5.0},{"damage":0.0,"enemies":"Mind Bloom Boss Battle","floor":42.0,"turns":5.0},{"damage":0.0,"enemies":"Reptomancer","floor":44.0,"turns":6.0},{"damage":0.0,"enemies":"Giant Head","floor":48.0,"turns":5.0},{"damage":6.0,"enemies":"Awakened One","floor":50.0,"turns":14.0},{"damage":22.0,"enemies":"Time Eater","floor":51.0,"turns":15.0},{"damage":0.0,"enemies":"Shield and Spear","floor":55.0,"turns":8.0},{"damage":85,"enemies":"The Heart","floor":56,"turns":8}],"seed_played":"-1133735301680439682","potions_obtained":[{"floor":1.0,"key":"Dexterity Potion"},{"floor":4.0,"key":"AttackPotion"},{"floor":12.0,"key":"AttackPotion"},{"floor":16.0,"key":"Weak Potion"},{"floor":18.0,"key":"PowerPotion"},{"floor":24.0,"key":"GhostInAJar"}],"is_trial":false,"path_per_floor":["M","?","$","M","?","E","$","R","T","E","R","E","M","M","R","B",null,"M","M","?","?","$","R","E","R","T","M","R","?","E","M","R","B",null,"M","M","M","M","M","R","E","?","T","E","$","?","R","E","R","B","B",null,"R","$","E","B"],"character_chosen":"THE_SILENT","items_purchased":["Terror","Dagger Throw","Toxic Egg 2","Underhanded Strike","Escape Plan+1","Catalyst+1","Snake Skull","Acrobatics+1","Orrery"],"campfire_rested":2,"item_purchase_floors":[3,7,22,22,22,22,45,45,54],"current_hp_per_floor":[59,54,54,54,43,43,43,43,43,35,35,28,28,28,28,26,56,54,54,54,54,54,54,17,17,17,8,42,42,34,34,71,71,75,75,75,75,75,75,75,62,62,62,62,62,62,62,62,62,56,46,69,69,69,76,0],"gold":219,"neow_bonus":"THREE_ENEMY_KILL","is_prod":false,"is_daily":false,"chose_seed":false,"campfire_upgraded":8,"win_rate":0,"timestamp":1703851143,"path_taken":["M","?","$","M","?","E","$","R","T","E","R","E","M","M","R","BOSS","M","M","?","?","$","R","E","R","T","?","R","?","E","M","R","BOSS","M","M","M","M","M","R","E","?","T","E","$","?","R","E","R","BOSS","BOSS","R","$","E","BOSS"],"build_version":"2022-12-18","purchased_purges":3,"victory":false,"max_hp_per_floor":[66,66,66,66,66,66,66,66,66,66,66,66,66,66,66,66,66,66,66,66,66,66,66,66,66,66,66,66,66,76,76,76,76,76,76,76,76,76,76,76,76,76,76,76,76,76,76,76,76,76,76,76,76,76,83,83],"card_choices":[{"not_picked":["Choke","Infinite Blades"],"picked":"Leg Sweep","floor":1.0},{"not_picked":["Dodge and Roll","Backflip"],"picked":"Masterful Stab","floor":4.0},{"not_picked":["Prepared","Endless Agony"],"picked":"Dagger Spray","floor":6.0},{"not_picked":["Dagger Spray","Finisher"],"picked":"Backflip","floor":10.0},{"not_picked":["Infinite Blades","Dash"],"picked":"Calculated Gamble","floor":12.0},{"not_picked":["Quick Slash","Tactician","Masterful Stab"],"picked":"SKIP","floor":13.0},{"not_picked":["PiercingWail","Outmaneuver"],"picked":"Endless Agony","floor":14.0},{"not_picked":["Night Terror","Grand Finale"],"picked":"Venomology","floor":16.0},{"not_picked":["Dagger Throw","Dagger Spray","Poisoned Stab"],"picked":"SKIP","floor":18.0},{"not_picked":["Sucker Punch","Blur","Poisoned Stab"],"picked":"SKIP","floor":19.0},{"not_picked":["Venomology+1","Footwork"],"picked":"Escape Plan+1","floor":24.0},{"not_picked":["Heel Hook+1","Distraction+1"],"picked":"Deadly Poison+1","floor":27.0},{"not_picked":["Bane","Riddle With Holes"],"picked":"Prepared+1","floor":30.0},{"not_picked":["Flying Knee","Sucker Punch+1"],"picked":"Leg Sweep+1","floor":31.0},{"not_picked":["Venomology+1","After Image"],"picked":"Corpse Explosion+1","floor":33.0},{"not_picked":["Prepared+1","Choke"],"picked":"Cloak And Dagger+1","floor":35.0},{"not_picked":["Bane+1","Eviscerate+1"],"picked":"Acrobatics+1","floor":36.0},{"not_picked":["Accuracy+1","Predator","All Out Attack"],"picked":"SKIP","floor":37.0},{"not_picked":["Accuracy+1","Predator","All Out Attack"],"picked":"SKIP","floor":37.0},{"not_picked":["Leg Sweep+1","Dodge and Roll+1"],"picked":"Cloak And Dagger+1","floor":38.0},{"not_picked":["Outmaneuver+1","Doppelganger+1"],"picked":"PiercingWail+1","floor":39.0},{"not_picked":["Riddle With Holes","Flying Knee+1","Backflip+1"],"picked":"SKIP","floor":41.0},{"not_picked":["Riddle With Holes","Flying Knee+1"],"picked":"Backflip+1","floor":41.0},{"not_picked":["Bane","Poisoned Stab"],"picked":"PiercingWail+1","floor":42.0},{"not_picked":["Underhanded Strike","Dagger Throw","Finisher+1"],"picked":"SKIP","floor":44.0},{"not_picked":["PiercingWail+1","Dagger Spray+1"],"picked":"Deflect+1","floor":48.0},{"not_picked":["Dodge and Roll+1","Cloak And Dagger+1"],"picked":"Deadly Poison+1","floor":54.0},{"not_picked":["Backflip+1","Crippling Poison+1"],"picked":"Deadly Poison+1","floor":54.0},{"not_picked":["Prepared+1","Acrobatics+1"],"picked":"PiercingWail+1","floor":54.0},{"not_picked":["Bane","Endless Agony+1"],"picked":"Escape Plan+1","floor":54.0},{"not_picked":["Leg Sweep+1","Choke","Flying Knee"],"picked":"SKIP","floor":55.0}],"player_experience":1121426,"relics_obtained":[{"floor":6.0,"key":"Nunchaku"},{"floor":9.0,"key":"CeramicFish"},{"floor":10.0,"key":"Kunai"},{"floor":12.0,"key":"Old Coin"},{"floor":24.0,"key":"HornCleat"},{"floor":26.0,"key":"Anchor"},{"floor":29.0,"key":"Gambling Chip"},{"floor":29.0,"key":"Mercury Hourglass"},{"floor":30.0,"key":"Pear"},{"floor":41.0,"key":"Bronze Scales"},{"floor":42.0,"key":"Du-Vu Doll"},{"floor":44.0,"key":"Meat on the Bone"},{"floor":48.0,"key":"Juzu Bracelet"},{"floor":55.0,"key":"Strawberry"}],"event_choices":[{"damage_healed":0.0,"max_hp_gain":0.0,"max_hp_loss":0.0,"gold_gain":0.0,"event_name":"Scrap Ooze","player_choice":"Success","floor":2.0,"gold_loss":0.0,"damage_taken":5.0,"relics_obtained":["Regal Pillow"]},{"damage_healed":0.0,"max_hp_gain":0.0,"max_hp_loss":0.0,"gold_gain":75.0,"event_name":"World of Goop","player_choice":"Gather Gold","floor":5.0,"gold_loss":0.0,"damage_taken":11.0},{"damage_healed":0.0,"max_hp_gain":0.0,"max_hp_loss":0.0,"gold_gain":0.0,"event_name":"The Mausoleum","player_choice":"Ignored","floor":20.0,"gold_loss":0.0,"damage_taken":0.0},{"damage_healed":0.0,"max_hp_gain":0.0,"max_hp_loss":0.0,"gold_gain":0.0,"event_name":"Back to Basics","player_choice":"Simplicity","floor":21.0,"gold_loss":0.0,"damage_taken":0.0,"cards_upgraded":["Strike_G","Strike_G","Strike_G","Strike_G","Defend_G","Defend_G","Defend_G","Defend_G","Defend_G"]},{"damage_healed":0.0,"max_hp_gain":0.0,"max_hp_loss":0.0,"gold_gain":0.0,"event_name":"Colosseum","player_choice":"Fight","floor":29.0,"gold_loss":0.0,"damage_taken":0.0},{"damage_healed":0.0,"max_hp_gain":0.0,"max_hp_loss":0.0,"gold_gain":0.0,"event_name":"Colosseum","player_choice":"Fought Nobs","floor":29.0,"gold_loss":0.0,"damage_taken":0.0},{"damage_healed":0.0,"max_hp_gain":0.0,"max_hp_loss":0.0,"gold_gain":0.0,"event_name":"MindBloom","player_choice":"Fight","floor":42.0,"gold_loss":0.0,"damage_taken":0.0},{"damage_healed":0.0,"max_hp_gain":0.0,"max_hp_loss":0.0,"gold_gain":0.0,"event_name":"Tomb of Lord Red Mask","player_choice":"Ignored","floor":46.0,"gold_loss":0.0,"damage_taken":0.0}],"is_beta":false,"boss_relics":[{"not_picked":["Sozu","Calling Bell"],"picked":"Runic Pyramid"},{"not_picked":["Philosopher\u0027s Stone","Velvet Choker"],"picked":"Coffee Dripper"}],"items_purged_floors":[7,22,45],"is_endless":false,"potions_floor_spawned":[1,4,12,16,18,24,29,29,37,41,42],"killed_by":"The Heart","ascension_level":20}