{"gold_per_floor":[114,125,50,70,70,103,121,121,421,441,441,457,457,488,488,562,562,573,573,202,202,202,237,237,248,248,248],"floor_reached":27,"playtime":936,"items_purged":["Strike_G","Strike_G"],"score":482,"play_id":"a9f87e81-394b-44da-9945-d14f82ad15bb","local_time":"20231229043928","is_ascension_mode":true,"campfire_choices":[{"data":"Dagger Spray","floor":8,"key":"SMITH"},{"data":"Glass Knife","floor":11,"key":"SMITH"},{"data":"Quick Slash","floor":13,"key":"SMITH"},{"floor":15,"key":"REST"},{"data":"Venomology","floor":24,"key":"SMITH"}],"neow_cost":"TEN_PERCENT_HP_LOSS","seed_source_timestamp":1361669044956500,"circlet_count":0,"master_deck":["AscendersBane","Defend_G","Defend_G+1","Defend_G+1","Defend_G","Survivor","Neutralize","Dagger Spray+1","Dagger Throw","Quick Slash+1","Neutralize","Slice","Glass Knife+1","Backstab","Venomology+1","Bane","Tools of the Trade","Underhanded Strike","RitualDagger","PiercingWail"],"relics":["Ring of the Snake","Ornamental Fan","Old Coin","The Specimen","Runic Pyramid","War Paint","Eternal Feather"],"potions_floor_usage":[6,16,18,23,23,27,27],"damage_taken":[{"damage":0,"enemies":"Jaw Worm","floor":1,"turns":6},{"damage":0,"enemies":"Cultist","floor":2,"turns":4},{"damage":4,"enemies":"2 Louse","floor":4,"turns":3},{"damage":22,"enemies":"Lagavulin","floor":6,"turns":5},{"damage":11,"enemies":"Large Slime","floor":7,"turns":6},{"damage":1,"enemies":"Looter","floor":10,"turns":3},{"damage":3,"enemies":"Exordium Wildlife","floor":12,"turns":3},{"damage":2,"enemies":"Gremlin Nob","floor":14,"turns":3},{"damage":21,"enemies":"Slime Boss","floor":16,"turns":9},{"damage":5,"enemies":"3 Byrds","floor":18,"turns":4},{"damage":21,"enemies":"Slavers","floor":23,"turns":2},{"damage":9,"enemies":"Shell Parasite","floor":25,"turns":3},{"damage":28,"enemies":"Cultist and Chosen","floor":27,"turns":5}],"seed_played":"2832162081933141809","potions_obtained":[{"floor":2,"key":"BlessingOfTheForge"},{"floor":4,"key":"Weak Potion"},{"floor":14,"key":"Poison Potion"},{"floor":23,"key":"Explosive Potion"}],"is_trial":false,"path_per_floor":["M","M","$","M","?","E","M","R","T","M","R","M","R","E","R","B",null,"M","?","$","?","?","E","R","M","T","M"],"character_chosen":"THE_SILENT","items_purchased":["SteroidPotion","War Paint","Underhanded Strike"],"campfire_rested":1,"item_purchase_floors":[20,20,20],"current_hp_per_floor":[59,59,59,55,55,33,22,22,22,21,21,18,18,16,34,13,48,43,43,43,37,37,16,16,7,7,0],"gold":248,"neow_bonus":"REMOVE_TWO","is_prod":false,"is_daily":false,"chose_seed":false,"campfire_upgraded":4,"win_rate":0,"timestamp":1703853568,"path_taken":["M","M","$","M","?","E","?","R","T","M","R","M","R","E","R","BOSS","M","?","$","?","?","E","R","M","T","M"],"build_version":"2022-12-18","purchased_purges":2,"victory":false,"max_hp_per_floor":[60,60,60,60,60,60,60,60,60,60,60,60,60,60,60,60,60,60,60,60,60,60,60,60,60,60,60],"card_choices":[{"not_picked":["Deflect","Noxious Fumes"],"picked":"Dagger Spray","floor":1},{"not_picked":["Leg Sweep","Expertise"],"picked":"Dagger Throw","floor":2},{"not_picked":["Accuracy","Riddle With Holes"],"picked":"Quick Slash","floor":4},{"not_picked":["Bouncing Flask","Concentrate"],"picked":"Slice","floor":6},{"not_picked":["Deflect","Prepared","Caltrops"],"picked":"SKIP","floor":7},{"not_picked":["Outmaneuver","Poisoned Stab"],"picked":"Glass Knife","floor":10},{"not_picked":["Prepared","Reflex"],"picked":"Backstab","floor":12},{"not_picked":["Choke","PiercingWail","Deadly Poison"],"picked":"SKIP","floor":14},{"not_picked":["Doppelganger","Adrenaline"],"picked":"Venomology","floor":16},{"not_picked":["Outmaneuver","Dodge and Roll","Acrobatics"],"picked":"SKIP","floor":18},{"not_picked":["Dagger Throw","Predator+1","Quick Slash"],"picked":"SKIP","floor":23},{"not_picked":["Dagger Throw","Predator+1","Quick Slash"],"picked":"SKIP","floor":23},{"not_picked":["Blade Dance","PiercingWail","Underhanded Strike"],"picked":"SKIP","floor":25},{"not_picked":["Blade Dance","Underhanded Strike"],"picked":"PiercingWail","floor":25}],"player_experience":1126333,"relics_obtained":[{"floor":6,"key":"Ornamental Fan"},{"floor":9,"key":"Old Coin"},{"floor":14,"key":"The Specimen"},{"floor":26,"key":"Eternal Feather"}],"event_choices":[{"damage_healed":0,"gold_gain":0,"player_choice":"1 cards matched","damage_taken":0,"max_hp_gain":0,"max_hp_loss":0,"event_name":"Match and Keep!","floor":5,"gold_loss":0,"cards_obtained":["Neutralize"]},{"damage_healed":0,"gold_gain":0,"cards_transformed":["Strike_G","Strike_G"],"player_choice":"Became Test Subject","damage_taken":0,"max_hp_gain":0,"max_hp_loss":0,"event_name":"Drug Dealer","floor":19,"gold_loss":0,"cards_obtained":["Bane","Tools of the Trade"]},{"damage_healed":0,"gold_gain":0,"player_choice":"Joined the Cult","damage_taken":6,"max_hp_gain":0,"max_hp_loss":0,"event_name":"Nest","floor":21,"gold_loss":0,"cards_obtained":["RitualDagger"]},{"damage_healed":0,"gold_gain":0,"player_choice":"Ignored","damage_taken":0,"max_hp_gain":0,"max_hp_loss":0,"event_name":"Vampires","floor":22,"gold_loss":0}],"is_beta":false,"boss_relics":[{"not_picked":["Coffee Dripper","Pandora\u0027s Box"],"picked":"Runic Pyramid"}],"items_purged_floors":[3,20],"is_endless":false,"potions_floor_spawned":[2,4,14,23,25],"killed_by":"Cultist and Chosen","ascension_level":20}