{"gold_per_floor":[110,121,139,159,173,206,206,233,280,46,66,66,86,114,114,213,213,229,241,241,251,251,277,297,324,348,362,362,2,2,17,17,115,115,125,142,154,154,172,172,172,192,192,212,212,226,226,237,237,237],"floor_reached":51,"playtime":4541,"items_purged":[],"score":715,"play_id":"d18f540e-3166-4193-8f33-ecf344010abc","local_time":"20230720220045","is_ascension_mode":false,"campfire_choices":[{"data":"Armaments","floor":7.0,"key":"SMITH"},{"data":"Spot Weakness","floor":15.0,"key":"SMITH"},{"data":"Demon Form","floor":30.0,"key":"SMITH"},{"data":"Pummel","floor":32.0,"key":"SMITH"},{"data":"Inflame","floor":41,"key":"SMITH"},{"floor":45,"key":"REST"},{"floor":47,"key":"REST"},{"floor":49,"key":"REST"}],"neow_cost":"NONE","seed_source_timestamp":0,"circlet_count":0,"master_deck":["Strike_R","Strike_R","Strike_R","Strike_R","Strike_R","Defend_R+1","Defend_R","Defend_R","Bash","Inflame+1","Twin Strike","Armaments+1","Thunderclap","Impatience","Battle Trance","Sword Boomerang","Spot Weakness+1","Demon Form+1","Rage","Flex+1","Shrug It Off","Power Through+1","Anger","Battle Trance+1","Pummel+1","Sword Boomerang+1","Fiend Fire","Iron Wave+1","Twin Strike+1","Warcry","Uppercut+1","Flex+1","Sentinel+1","Warcry","Inflame+1","Shrug It Off","Seeing Red"],"special_seed":0,"relics":["Burning Blood","Gremlin Horn","Paper Frog","Toy Ornithopter","Potion Belt","Odd Mushroom","Mummified Hand","Black Star","War Paint","Boot","MealTicket","Lizard Tail","Red Skull","Dream Catcher","Mango","Runic Pyramid","Bottled Tornado"],"potions_floor_usage":[48,50,50],"damage_taken":[{"damage":2.0,"enemies":"2 Louse","floor":1.0,"turns":3.0},{"damage":7.0,"enemies":"Small Slimes","floor":2.0,"turns":4.0},{"damage":6.0,"enemies":"Cultist","floor":3.0,"turns":4.0},{"damage":3.0,"enemies":"2 Fungi Beasts","floor":4.0,"turns":3.0},{"damage":8.0,"enemies":"Red Slaver","floor":5.0,"turns":4.0},{"damage":29.0,"enemies":"3 Sentries","floor":6.0,"turns":9.0},{"damage":20.0,"enemies":"Gremlin Nob","floor":8.0,"turns":4.0},{"damage":13.0,"enemies":"The Mushroom Lair","floor":11.0,"turns":4.0},{"damage":9.0,"enemies":"Blue Slaver","floor":13.0,"turns":3.0},{"damage":17.0,"enemies":"3 Sentries","floor":14.0,"turns":5.0},{"damage":31.0,"enemies":"The Guardian","floor":16.0,"turns":12.0},{"damage":5.0,"enemies":"Chosen","floor":18.0,"turns":4.0},{"damage":7.0,"enemies":"Spheric Guardian","floor":19.0,"turns":3.0},{"damage":27.0,"enemies":"Centurion and Healer","floor":21.0,"turns":6.0},{"damage":7.0,"enemies":"Gremlin Leader","floor":23.0,"turns":6.0},{"damage":18.0,"enemies":"Snecko","floor":24.0,"turns":6.0},{"damage":27.0,"enemies":"Slavers","floor":25.0,"turns":4.0},{"damage":32.0,"enemies":"Snake Plant","floor":27.0,"turns":5.0},{"damage":39.0,"enemies":"Cultist and Chosen","floor":31.0,"turns":8.0},{"damage":36.0,"enemies":"Collector","floor":33.0,"turns":7.0},{"damage":7.0,"enemies":"3 Shapes","floor":35.0,"turns":3.0},{"damage":10,"enemies":"Orb Walker","floor":36,"turns":3},{"damage":40,"enemies":"3 Darklings","floor":37,"turns":5},{"damage":32,"enemies":"Sphere and 2 Shapes","floor":39,"turns":4},{"damage":23,"enemies":"4 Shapes","floor":42,"turns":2},{"damage":12,"enemies":"Jaw Worm Horde","floor":44,"turns":2},{"damage":19,"enemies":"3 Darklings","floor":46,"turns":3},{"damage":1,"enemies":"Transient","floor":48,"turns":5},{"damage":86,"enemies":"Awakened One","floor":50,"turns":6}],"seed_played":"2908463488345420554","potions_obtained":[{"floor":1.0,"key":"Regen Potion"},{"floor":4.0,"key":"Block Potion"},{"floor":5.0,"key":"FearPotion"},{"floor":13.0,"key":"Dexterity Potion"},{"floor":16.0,"key":"ElixirPotion"},{"floor":23.0,"key":"BloodPotion"},{"floor":25.0,"key":"Ancient Potion"},{"floor":33.0,"key":"Fire Potion"},{"floor":35,"key":"Strength Potion"},{"floor":48,"key":"Strength Potion"}],"is_trial":false,"path_per_floor":["M","M","M","M","M","E","R","E","T","$","?","?","M","E","R","B",null,"M","M","?","M","?","E","M","E","T","M","?","$","R","M","R","B",null,"M","M","M","?","M","?","R","M","T","M","R","M","R","M","R","B",null],"character_chosen":"IRONCLAD","items_purchased":["Impatience","Potion Belt","Mango","Pummel"],"campfire_rested":3,"item_purchase_floors":[10,10,29,29],"current_hp_per_floor":[88,87,87,88,86,63,63,49,49,49,42,34,31,20,20,30,88,88,87,87,66,66,65,53,32,32,50,50,79,79,46,46,41,102,101,97,63,63,37,42,42,25,25,19,49,36,66,76,102,32],"gold":237,"neow_bonus":"TEN_PERCENT_HP_BONUS","is_prod":false,"is_daily":false,"chose_seed":false,"campfire_upgraded":5,"win_rate":0,"timestamp":1689915645,"path_taken":["M","M","M","M","M","E","R","E","T","$","?","?","M","E","R","BOSS","M","M","?","M","?","E","M","E","T","?","?","$","R","M","R","BOSS","M","M","M","?","?","?","R","M","T","M","R","M","R","M","R","BOSS"],"build_version":"2022-12-18","purchased_purges":0,"victory":true,"max_hp_per_floor":[88,88,88,88,88,88,88,88,88,88,88,88,88,88,88,88,88,88,88,88,88,88,88,88,88,88,88,88,102,102,102,102,102,102,102,102,102,102,102,102,102,102,102,102,102,102,102,102,102,102],"card_choices":[{"not_picked":["Feel No Pain","Shrug It Off"],"picked":"Inflame","floor":1.0},{"not_picked":["Headbutt","Pommel Strike","Combust"],"picked":"SKIP","floor":2.0},{"not_picked":["Power Through","Clothesline"],"picked":"Twin Strike","floor":3.0},{"not_picked":["Havoc","Thunderclap","Clothesline"],"picked":"SKIP","floor":4.0},{"not_picked":["Entrench","Headbutt","Pommel Strike"],"picked":"SKIP","floor":5.0},{"not_picked":["Impervious","Twin Strike"],"picked":"Armaments","floor":6.0},{"not_picked":["Armaments","Carnage"],"picked":"Thunderclap","floor":8.0},{"not_picked":["Armaments","Heavy Blade"],"picked":"Battle Trance","floor":11.0},{"not_picked":["Headbutt","Clothesline"],"picked":"Sword Boomerang","floor":13.0},{"not_picked":["Pommel Strike","Flex"],"picked":"Spot Weakness","floor":14.0},{"not_picked":["Offering","Fiend Fire"],"picked":"Demon Form","floor":16.0},{"not_picked":["Clash","Shrug It Off"],"picked":"Rage","floor":18.0},{"not_picked":["Armaments","Sever Soul"],"picked":"Flex","floor":19.0},{"not_picked":["Heavy Blade","Sword Boomerang"],"picked":"Shrug It Off","floor":21.0},{"not_picked":["Iron Wave","Pommel Strike"],"picked":"Power Through+1","floor":23.0},{"not_picked":["Flame Barrier","Offering"],"picked":"Anger","floor":24.0},{"not_picked":["Burning Pact","Berserk"],"picked":"Battle Trance+1","floor":25.0},{"not_picked":["Whirlwind","Iron Wave"],"picked":"Perfected Strike","floor":27.0},{"not_picked":["Rupture","Disarm"],"picked":"Sword Boomerang+1","floor":31.0},{"not_picked":["Limit Break","Reaper"],"picked":"Fiend Fire","floor":33.0},{"not_picked":["Twin Strike+1","Searing Blow"],"picked":"Iron Wave+1","floor":35},{"not_picked":["Dark Embrace+1","Uppercut+1"],"picked":"Twin Strike+1","floor":36},{"not_picked":["Cleave","Clothesline"],"picked":"Warcry","floor":37},{"not_picked":["Havoc+1","Carnage+1"],"picked":"Uppercut+1","floor":39},{"not_picked":["Ghostly Armor","Rampage+1"],"picked":"Flex+1","floor":42},{"not_picked":["Body Slam","Twin Strike+1"],"picked":"Sentinel+1","floor":44},{"not_picked":["Bludgeon","Feel No Pain+1"],"picked":"Warcry","floor":46},{"not_picked":["Anger+1","True Grit"],"picked":"Inflame+1","floor":47},{"not_picked":["Burning Pact","Clothesline+1"],"picked":"Shrug It Off","floor":48},{"not_picked":["Cleave","Flex"],"picked":"Seeing Red","floor":49}],"player_experience":36299,"relics_obtained":[{"floor":6.0,"key":"Gremlin Horn"},{"floor":8.0,"key":"Paper Frog"},{"floor":9.0,"key":"Toy Ornithopter"},{"floor":11.0,"key":"Odd Mushroom"},{"floor":14.0,"key":"Mummified Hand"},{"floor":22.0,"key":"War Paint"},{"floor":23.0,"key":"Boot"},{"floor":23.0,"key":"MealTicket"},{"floor":25.0,"key":"Lizard Tail"},{"floor":25.0,"key":"Red Skull"},{"floor":26.0,"key":"Dream Catcher"},{"floor":43,"key":"Bottled Tornado"}],"event_choices":[{"damage_healed":0.0,"max_hp_gain":0.0,"max_hp_loss":0.0,"gold_gain":0.0,"event_name":"Mushrooms","player_choice":"Fought Mushrooms","floor":11.0,"gold_loss":0.0,"damage_taken":0.0},{"damage_healed":0.0,"max_hp_gain":0.0,"max_hp_loss":0.0,"gold_gain":0.0,"event_name":"Wheel of Change","player_choice":"Damaged","floor":12.0,"gold_loss":0.0,"damage_taken":8.0},{"damage_healed":0.0,"max_hp_gain":0.0,"max_hp_loss":0.0,"gold_gain":0.0,"event_name":"Ghosts","player_choice":"Ignored","floor":20.0,"gold_loss":0.0,"damage_taken":0.0},{"damage_healed":0.0,"max_hp_gain":0.0,"max_hp_loss":0.0,"gold_gain":0.0,"event_name":"Wheel of Change","player_choice":"Relic","floor":22.0,"gold_loss":0.0,"damage_taken":0.0},{"cards_removed":["Defend_R"],"damage_healed":0.0,"max_hp_gain":0.0,"max_hp_loss":0.0,"gold_gain":0.0,"event_name":"Purifier","player_choice":"Purged","floor":28.0,"gold_loss":0.0,"damage_taken":0.0},{"damage_healed":0,"gold_gain":0,"player_choice":"Ignored","damage_taken":0,"max_hp_gain":0,"max_hp_loss":0,"event_name":"SecretPortal","floor":38,"gold_loss":0},{"cards_removed":["Perfected Strike"],"damage_healed":5,"gold_gain":0,"player_choice":"Offered Common","damage_taken":0,"max_hp_gain":0,"max_hp_loss":0,"event_name":"Bonfire Elementals","floor":40,"gold_loss":0},{"cards_removed":["Perfected Strike"],"damage_healed":5,"gold_gain":0,"player_choice":"Offered Special","damage_taken":0,"max_hp_gain":0,"max_hp_loss":0,"event_name":"Bonfire Elementals","floor":40,"gold_loss":0}],"is_beta":false,"boss_relics":[{"not_picked":["Velvet Choker","Fusion Hammer"],"picked":"Black Star"},{"not_picked":["Sozu","Calling Bell"],"picked":"Runic Pyramid"}],"items_purged_floors":[],"is_endless":false,"potions_floor_spawned":[1,4,5,13,16,23,25,33,35,48],"ascension_level":0}