{"gold_per_floor":[110,110,28,28,44,73,73,91,116,116,135,170,183,196,196,291,341,353,369,381,400,400],"floor_reached":22,"playtime":1965,"items_purged":[],"score":200,"play_id":"672028a6-6cfa-4a6c-856f-1914e147e76f","local_time":"20230715215354","is_ascension_mode":false,"campfire_choices":[{"data":"Armaments","floor":7,"key":"SMITH"},{"data":"Pummel","floor":10,"key":"SMITH"},{"data":"Barricade","floor":15,"key":"SMITH"}],"neow_cost":"NONE","seed_source_timestamp":244927166101400,"circlet_count":0,"master_deck":["Strike_R","Strike_R","Strike_R","Strike_R","Strike_R","Defend_R+1","Defend_R","Defend_R+1","Defend_R+1","Bash","Anger+1","Dark Shackles","Clash","Armaments+1","Pummel+1","Spot Weakness","Barricade+1","Entrench","Juggernaut","Bloodletting","Disarm","Pommel Strike+1","Body Slam","Flex+1"],"relics":["Burning Blood","Happy Flower","Omamori","War Paint","Pantograph","Tiny House"],"potions_floor_usage":[],"damage_taken":[{"damage":3,"enemies":"2 Louse","floor":1,"turns":4},{"damage":0,"enemies":"Small Slimes","floor":5,"turns":3},{"damage":17,"enemies":"3 Sentries","floor":6,"turns":8},{"damage":1,"enemies":"Cultist","floor":8,"turns":3},{"damage":0,"enemies":"Blue Slaver","floor":11,"turns":2},{"damage":34,"enemies":"Gremlin Nob","floor":12,"turns":5},{"damage":2,"enemies":"3 Louse","floor":13,"turns":3},{"damage":8,"enemies":"Gremlin Gang","floor":14,"turns":5},{"damage":22,"enemies":"Slime Boss","floor":16,"turns":13},{"damage":12,"enemies":"Shell Parasite","floor":18,"turns":5},{"damage":24,"enemies":"Chosen","floor":19,"turns":7},{"damage":3,"enemies":"Snake Plant","floor":20,"turns":5},{"damage":43,"enemies":"Centurion and Healer","floor":21,"turns":5},{"damage":36,"enemies":"Chosen and Byrds","floor":22,"turns":8}],"seed_played":"-4212406188998802742","potions_obtained":[{"floor":1,"key":"EntropicBrew"},{"floor":8,"key":"Strength Potion"},{"floor":11,"key":"Swift Potion"},{"floor":13,"key":"Ancient Potion"},{"floor":14,"key":"SpeedPotion"},{"floor":17,"key":"EntropicBrew"},{"floor":19,"key":"Dexterity Potion"}],"is_trial":false,"path_per_floor":["M","?","$","?","M","E","R","M","T","R","M","E","M","M","R","B",null,"M","M","M","M","M"],"character_chosen":"IRONCLAD","items_purchased":["Dark Shackles"],"campfire_rested":0,"item_purchase_floors":[3],"current_hp_per_floor":[88,88,88,88,88,77,77,82,82,82,88,60,64,62,62,71,93,87,69,72,35,0],"gold":400,"neow_bonus":"TEN_PERCENT_HP_BONUS","is_prod":false,"is_daily":false,"chose_seed":false,"campfire_upgraded":3,"win_rate":0,"timestamp":1689483234,"path_taken":["M","?","$","?","M","E","R","M","T","R","M","E","M","M","R","BOSS","M","M","M","M","M"],"build_version":"2022-12-18","purchased_purges":0,"victory":false,"max_hp_per_floor":[88,88,88,88,88,88,88,88,88,88,88,88,88,88,88,88,93,93,93,93,93,93],"card_choices":[{"not_picked":["Disarm","Dark Embrace"],"picked":"Anger","floor":1},{"not_picked":["Uppercut","Perfected Strike"],"picked":"Clash","floor":5},{"not_picked":["True Grit","Headbutt"],"picked":"Armaments","floor":6},{"not_picked":["Twin Strike","Second Wind"],"picked":"Pummel","floor":8},{"not_picked":["Thunderclap","Anger"],"picked":"Spot Weakness","floor":11},{"not_picked":["Battle Trance","Combust"],"picked":"Barricade","floor":12},{"not_picked":["Clash","Sword Boomerang"],"picked":"Entrench","floor":13},{"not_picked":["Body Slam","Dropkick","Sword Boomerang"],"picked":"SKIP","floor":14},{"not_picked":["Barricade","Corruption"],"picked":"Juggernaut","floor":16},{"not_picked":["Hemokinesis","Iron Wave"],"picked":"Bloodletting","floor":17},{"not_picked":["Burning Pact","Fire Breathing"],"picked":"Disarm","floor":18},{"not_picked":["True Grit","Headbutt+1"],"picked":"Pommel Strike+1","floor":19},{"not_picked":["Thunderclap","Searing Blow"],"picked":"Body Slam","floor":20},{"not_picked":["Anger","Rupture"],"picked":"Flex+1","floor":21}],"player_experience":24110,"relics_obtained":[{"floor":6,"key":"Omamori"},{"floor":9,"key":"War Paint"},{"floor":12,"key":"Pantograph"}],"event_choices":[{"damage_healed":0,"gold_gain":0,"player_choice":"Grow","damage_taken":0,"max_hp_gain":0,"max_hp_loss":0,"event_name":"Living Wall","floor":2,"gold_loss":0,"cards_upgraded":["Anger"]},{"damage_healed":0,"gold_gain":0,"player_choice":"Gave Potion","damage_taken":0,"relics_obtained":["Happy Flower"],"max_hp_gain":0,"max_hp_loss":0,"event_name":"WeMeetAgain","floor":4,"gold_loss":0}],"is_beta":false,"boss_relics":[{"not_picked":["Snecko Eye","Busted Crown"],"picked":"Tiny House"}],"items_purged_floors":[],"is_endless":false,"potions_floor_spawned":[1,8,11,13,14,18,19],"killed_by":"Chosen and Byrds","ascension_level":0}