{"gold_per_floor":[110,123,140,125,17,49,49,78,78,97,122,17,44,74,86,196,208,234,264,292,304,332,344,691,703,715,727,739,751,776,803,815,827],"floor_reached":33,"playtime":3979,"items_purged":[],"score":314,"play_id":"2c102ba5-63e5-48b9-b63f-bd9ef754e026","local_time":"20230715020322","is_ascension_mode":false,"campfire_choices":[{"data":"Anger","floor":7,"key":"SMITH"},{"floor":15,"key":"REST"},{"data":"Barricade","floor":23,"key":"SMITH"},{"data":"Good Instincts","floor":25,"key":"SMITH"},{"data":"Defend_R","floor":27,"key":"SMITH"},{"data":"Warcry","floor":29,"key":"SMITH"},{"floor":32,"key":"REST"}],"neow_cost":"TEN_PERCENT_HP_LOSS","seed_source_timestamp":171478898705400,"circlet_count":0,"master_deck":["Strike_R","Strike_R","Strike_R","Strike_R","Strike_R","Defend_R","Defend_R+1","Defend_R+1","Defend_R+1","Bash","Barricade+1","Anger+1","Seeing Red","Flex","Headbutt","Good Instincts+1","Warcry+1","Armaments","Rage+1","Shrug It Off+1","Dual Wield+1","Bandage Up+1","Twin Strike","Fiend Fire","Demon Form","CurseOfTheBell","Second Wind+1","Uppercut+1","Carnage+1","Body Slam","Body Slam","Second Wind+1","Iron Wave"],"relics":["Burning Blood","Boot","Toxic Egg 2","InkBottle","Matryoshka","Bronze Scales","MawBank","Calling Bell","War Paint","Pantograph","WingedGreaves","Nilry\u0027s Codex","Old Coin","TungstenRod","Nloth\u0027s Gift"],"potions_floor_usage":[11,16,16,16,31,31,33],"damage_taken":[{"damage":10,"enemies":"Cultist","floor":1,"turns":6},{"damage":10,"enemies":"Jaw Worm","floor":2,"turns":5},{"damage":0,"enemies":"2 Louse","floor":3,"turns":3},{"damage":12,"enemies":"Exordium Thugs","floor":4,"turns":4},{"damage":31,"enemies":"Gremlin Nob","floor":6,"turns":4},{"damage":0,"enemies":"Lagavulin","floor":8,"turns":8},{"damage":3,"enemies":"Large Slime","floor":10,"turns":6},{"damage":42,"enemies":"Gremlin Nob","floor":11,"turns":6},{"damage":3,"enemies":"Red Slaver","floor":14,"turns":3},{"damage":21,"enemies":"Slime Boss","floor":16,"turns":9},{"damage":15,"enemies":"3 Byrds","floor":18,"turns":5},{"damage":13,"enemies":"Shell Parasite","floor":19,"turns":6},{"damage":15,"enemies":"Snecko","floor":20,"turns":5},{"damage":0,"enemies":"Centurion and Healer","floor":22,"turns":8},{"damage":36,"enemies":"Book of Stabbing","floor":24,"turns":7},{"damage":18,"enemies":"Sentry and Sphere","floor":30,"turns":7},{"damage":32,"enemies":"Snecko","floor":31,"turns":7},{"damage":136,"enemies":"Automaton","floor":33,"turns":12}],"seed_played":"-7621912684779399208","potions_obtained":[{"floor":3,"key":"Fire Potion"},{"floor":4,"key":"ColorlessPotion"},{"floor":10,"key":"CultistPotion"},{"floor":11,"key":"HeartOfIron"},{"floor":22,"key":"Block Potion"},{"floor":24,"key":"Fruit Juice"},{"floor":31,"key":"BloodPotion"}],"is_trial":false,"path_per_floor":["M","M","M","M","$","E","R","E","T","M","E","$","T","M","R","B",null,"M","M","M","?","M","R","E","R","T","R","?","R","M","M","R","B"],"character_chosen":"IRONCLAD","items_purchased":["Good Instincts","Warcry","Bandage Up+1","Twin Strike"],"campfire_rested":2,"item_purchase_floors":[5,5,12,12],"current_hp_per_floor":[68,64,70,64,64,39,39,45,45,48,12,12,12,21,42,33,72,69,62,59,43,55,55,31,31,38,38,38,38,32,17,42,0],"gold":827,"neow_bonus":"THREE_RARE_CARDS","is_prod":false,"is_daily":false,"chose_seed":false,"campfire_upgraded":5,"win_rate":0.0,"timestamp":1689411802,"path_taken":["M","M","M","M","$","E","R","E","T","M","E","$","?","M","R","BOSS","M","M","M","?","M","R","E","R","T","R","?","R","M","M","R","BOSS"],"build_version":"2022-12-18","purchased_purges":0,"victory":false,"max_hp_per_floor":[72,72,72,72,72,72,72,72,72,72,72,72,72,72,72,72,72,72,72,72,72,72,72,72,72,79,79,79,79,79,84,84,84],"card_choices":[{"not_picked":["Bludgeon","Brutality"],"picked":"Barricade","floor":0},{"not_picked":["Intimidate","Headbutt"],"picked":"Anger","floor":1},{"not_picked":["Armaments","Thunderclap"],"picked":"Seeing Red","floor":2},{"not_picked":["Cleave","True Grit"],"picked":"Flex","floor":3},{"not_picked":["Burning Pact","Sword Boomerang"],"picked":"Headbutt","floor":4},{"not_picked":["Sever Soul","Whirlwind"],"picked":"Armaments","floor":6},{"not_picked":["Headbutt","Sword Boomerang"],"picked":"Rage+1","floor":8},{"not_picked":["Intimidate+1","Fire Breathing"],"picked":"Shrug It Off+1","floor":10},{"not_picked":["Clothesline","Fire Breathing"],"picked":"Dual Wield+1","floor":11},{"not_picked":["Thunderclap","Clothesline"],"picked":"Fiend Fire","floor":14},{"not_picked":["Fiend Fire","Corruption"],"picked":"Demon Form","floor":16},{"not_picked":["Bloodletting+1","Perfected Strike"],"picked":"Second Wind+1","floor":18},{"not_picked":["Pommel Strike","Infernal Blade+1"],"picked":"Uppercut+1","floor":19},{"not_picked":["Clothesline","Dual Wield+1"],"picked":"Carnage+1","floor":20},{"not_picked":["Pommel Strike+1","Perfected Strike"],"picked":"Body Slam","floor":22},{"not_picked":["Perfected Strike","Sever Soul+1"],"picked":"Body Slam","floor":24},{"not_picked":["Clothesline","Headbutt"],"picked":"Second Wind+1","floor":30},{"not_picked":["Clothesline+1","Sword Boomerang"],"picked":"Iron Wave","floor":31}],"player_experience":8601,"relics_obtained":[{"floor":6,"key":"Boot"},{"floor":8,"key":"Toxic Egg 2"},{"floor":9,"key":"InkBottle"},{"floor":11,"key":"Matryoshka"},{"floor":13,"key":"Bronze Scales"},{"floor":13,"key":"MawBank"},{"floor":17,"key":"War Paint"},{"floor":17,"key":"Pantograph"},{"floor":17,"key":"WingedGreaves"},{"floor":21,"key":"Nilry\u0027s Codex"},{"floor":24,"key":"Old Coin"},{"floor":26,"key":"Strawberry"},{"floor":26,"key":"TungstenRod"}],"event_choices":[{"damage_healed":0,"gold_gain":0,"player_choice":"Obtained Book","damage_taken":16,"max_hp_gain":0,"max_hp_loss":0,"event_name":"Cursed Tome","floor":21,"gold_loss":0},{"damage_healed":0,"gold_gain":0,"player_choice":"Traded Relic","damage_taken":0,"relics_obtained":["Nloth\u0027s Gift"],"max_hp_gain":0,"max_hp_loss":0,"event_name":"N\u0027loth","floor":28,"relics_lost":["Strawberry"],"gold_loss":0}],"is_beta":false,"boss_relics":[{"not_picked":["Runic Pyramid","Philosopher\u0027s Stone"],"picked":"Calling Bell"}],"items_purged_floors":[],"is_endless":false,"potions_floor_spawned":[3,4,10,11,22,24,31],"killed_by":"Automaton","ascension_level":0}