{"gold_per_floor":[14,31,31,46,46,46,61,61,61,95,95,126,151,167,167,288,288,303,303,73,92,21,60,60,100,100,19,19,19,58,79,79,204,204,227,243,88,151,69,69,69,84,111,111,111,111,145,170,170,170],"floor_reached":51,"playtime":3845,"items_purged":["Whirlwind+1"],"score":785,"play_id":"2227b45e-f331-497c-b147-e8f4dd25de0f","local_time":"20230814192119","is_ascension_mode":true,"campfire_choices":[{"data":"Anger","floor":6,"key":"SMITH"},{"data":"Shrug It Off","floor":8,"key":"SMITH"},{"data":"Defend_R","floor":11,"key":"SMITH"},{"data":"Armaments","floor":15,"key":"SMITH"},{"data":"Shrug It Off","floor":24,"key":"SMITH"},{"floor":29,"key":"REST"},{"floor":32,"key":"REST"},{"data":"Metallicize","floor":40,"key":"SMITH"},{"data":"Demon Form","floor":41,"key":"SMITH"},{"data":"Spot Weakness","floor":45,"key":"SMITH"},{"data":"Limit Break","floor":46,"key":"SMITH"},{"floor":49,"key":"REST"}],"neow_cost":"NO_GOLD","seed_source_timestamp":493395819579700,"circlet_count":0,"master_deck":["Defend_R+1","Defend_R","Defend_R","Bash","Anger+1","Shrug It Off+1","Intimidate","Warcry","Demon Form+1","Clothesline","Infernal Blade","Armaments+1","Limit Break+1","Fiend Fire+1","Rampage+1","Spot Weakness+1","Shrug It Off+1","Rage","Finesse","Sword Boomerang+1","Shrug It Off+1","Shrug It Off+1","Metallicize+1","Warcry","Disarm+1"],"relics":["Burning Blood","Golden Idol","Mummified Hand","Darkstone Periapt","Astrolabe","Nloth\u0027s Gift","Sling","Sundial","Meat on the Bone","HornCleat","Letter Opener","Velvet Choker","ClockworkSouvenir","WingedGreaves","Orichalcum","Regal Pillow"],"potions_floor_usage":[23,23,47,47,50,50],"damage_taken":[{"damage":7,"enemies":"2 Louse","floor":1,"turns":3},{"damage":2,"enemies":"Jaw Worm","floor":2,"turns":3},{"damage":0,"enemies":"Cultist","floor":4,"turns":3},{"damage":7,"enemies":"Large Slime","floor":7,"turns":6},{"damage":24,"enemies":"3 Sentries","floor":10,"turns":8},{"damage":3,"enemies":"Lagavulin","floor":12,"turns":5},{"damage":0,"enemies":"3 Louse","floor":13,"turns":3},{"damage":0,"enemies":"2 Fungi Beasts","floor":14,"turns":2},{"damage":27,"enemies":"Hexaghost","floor":16,"turns":9},{"damage":9,"enemies":"Shell Parasite","floor":18,"turns":4},{"damage":17,"enemies":"Spheric Guardian","floor":21,"turns":4},{"damage":40,"enemies":"Slavers","floor":23,"turns":5},{"damage":17,"enemies":"Book of Stabbing","floor":25,"turns":5},{"damage":25,"enemies":"Gremlin Leader","floor":30,"turns":7},{"damage":31,"enemies":"Chosen and Byrds","floor":31,"turns":7},{"damage":27,"enemies":"Champ","floor":33,"turns":8},{"damage":6,"enemies":"3 Shapes","floor":35,"turns":6},{"damage":8,"enemies":"Orb Walker","floor":36,"turns":4},{"damage":31,"enemies":"Mind Bloom Boss Battle","floor":38,"turns":9},{"damage":10,"enemies":"Sphere and 2 Shapes","floor":42,"turns":7},{"damage":43,"enemies":"Reptomancer","floor":47,"turns":8},{"damage":19,"enemies":"3 Darklings","floor":48,"turns":5},{"damage":58,"enemies":"Donu and Deca","floor":50,"turns":9}],"seed_played":"2527099339627083490","potions_obtained":[{"floor":1,"key":"Ancient Potion"},{"floor":12,"key":"SteroidPotion"},{"floor":13,"key":"Block Potion"},{"floor":25,"key":"SkillPotion"},{"floor":31,"key":"EssenceOfSteel"},{"floor":33,"key":"DuplicationPotion"},{"floor":48,"key":"SpeedPotion"}],"is_trial":false,"path_per_floor":["M","M","?","M","?","R","M","R","T","E","R","E","M","M","R","B",null,"M","?","$","M","$","E","R","E","T","$","?","R","E","M","R","B",null,"M","M","$","?","$","R","R","M","T","?","R","R","E","M","R","B",null],"character_chosen":"IRONCLAD","items_purchased":["Sling","Spot Weakness","Finesse","ClockworkSouvenir","Metallicize"],"campfire_rested":3,"item_purchase_floors":[20,22,27,37,39],"current_hp_per_floor":[79,80,60,66,66,66,65,65,65,47,47,50,56,62,62,41,80,77,77,77,66,66,32,32,21,21,21,21,45,38,25,49,40,80,80,78,78,53,53,53,53,49,49,49,49,49,24,23,62,22],"gold":170,"neow_bonus":"REMOVE_TWO","is_prod":false,"is_daily":false,"chose_seed":false,"campfire_upgraded":9,"win_rate":0,"timestamp":1692066079,"path_taken":["M","M","?","M","?","R","M","R","T","E","R","E","M","M","R","BOSS","M","?","$","M","$","E","R","E","T","?","?","R","E","M","R","BOSS","M","M","$","?","$","R","R","M","T","?","R","R","E","M","R","BOSS"],"build_version":"2022-12-18","purchased_purges":1,"victory":true,"max_hp_per_floor":[80,80,80,80,80,80,80,80,80,80,80,80,80,80,80,80,80,80,80,80,80,80,80,80,80,80,80,80,80,80,80,80,80,80,80,80,80,80,80,80,80,80,80,80,80,80,80,80,80,80],"card_choices":[{"not_picked":["Seeing Red","Armaments"],"picked":"Anger","floor":1},{"not_picked":["Feel No Pain","Sever Soul"],"picked":"Shrug It Off","floor":2},{"not_picked":["Havoc","Hemokinesis"],"picked":"Intimidate","floor":4},{"not_picked":["Pommel Strike","Flame Barrier"],"picked":"Warcry","floor":7},{"not_picked":["Feel No Pain","Wild Strike"],"picked":"Demon Form","floor":10},{"not_picked":["Uppercut","Thunderclap"],"picked":"Clothesline","floor":12},{"not_picked":["Dual Wield","Clash"],"picked":"Infernal Blade","floor":13},{"not_picked":["Sever Soul","Flex"],"picked":"Armaments","floor":14},{"not_picked":["Double Tap","Bludgeon"],"picked":"Limit Break","floor":16},{"not_picked":["Sever Soul+1","Iron Wave","Carnage+1"],"picked":"SKIP","floor":18},{"not_picked":["Clothesline","Reckless Charge","Wild Strike+1"],"picked":"SKIP","floor":21},{"not_picked":["Bloodletting","Offering"],"picked":"Shrug It Off","floor":23},{"not_picked":["True Grit","Whirlwind"],"picked":"Rage","floor":25},{"not_picked":["Entrench","Dark Embrace+1"],"picked":"Sword Boomerang+1","floor":30},{"not_picked":["Cleave","Reckless Charge","Demon Form"],"picked":"SKIP","floor":31},{"not_picked":["Sword Boomerang","Feel No Pain","Fire Breathing+1"],"picked":"SKIP","floor":35},{"not_picked":["Hemokinesis+1","Searing Blow"],"picked":"Shrug It Off+1","floor":36},{"not_picked":["Fiend Fire","True Grit"],"picked":"Shrug It Off+1","floor":38},{"not_picked":["Headbutt","Clash"],"picked":"Warcry","floor":42},{"not_picked":["Immolate","Brutality"],"picked":"Disarm+1","floor":47},{"not_picked":["Wild Strike+1","Rampage","Clash"],"picked":"SKIP","floor":48}],"player_experience":236327,"relics_obtained":[{"floor":9,"key":"Mummified Hand"},{"floor":10,"key":"Darkstone Periapt"},{"floor":12,"key":"Charon\u0027s Ashes"},{"floor":23,"key":"Sundial"},{"floor":25,"key":"Meat on the Bone"},{"floor":26,"key":"HornCleat"},{"floor":30,"key":"Letter Opener"},{"floor":38,"key":"WingedGreaves"},{"floor":43,"key":"Orichalcum"},{"floor":47,"key":"Regal Pillow"}],"event_choices":[{"damage_healed":0,"gold_gain":0,"player_choice":"Take Damage","damage_taken":20,"relics_obtained":["Golden Idol"],"max_hp_gain":0,"max_hp_loss":0,"event_name":"Golden Idol","floor":3,"gold_loss":0},{"cards_removed":["Strike_R"],"damage_healed":0,"gold_gain":0,"player_choice":"Forget","damage_taken":0,"max_hp_gain":0,"max_hp_loss":0,"event_name":"Living Wall","floor":5,"gold_loss":0},{"damage_healed":0,"gold_gain":0,"player_choice":"Traded Relic","damage_taken":0,"relics_obtained":["Nloth\u0027s Gift"],"max_hp_gain":0,"max_hp_loss":0,"event_name":"N\u0027loth","floor":19,"relics_lost":["Charon\u0027s Ashes"],"gold_loss":0},{"damage_healed":0,"gold_gain":0,"player_choice":"Ignored","damage_taken":0,"max_hp_gain":0,"max_hp_loss":0,"event_name":"Vampires","floor":28,"gold_loss":0},{"damage_healed":0,"gold_gain":0,"player_choice":"Fight","damage_taken":0,"max_hp_gain":0,"max_hp_loss":0,"event_name":"MindBloom","floor":38,"gold_loss":0},{"damage_healed":0,"gold_gain":0,"player_choice":"Ignored","damage_taken":0,"max_hp_gain":0,"max_hp_loss":0,"event_name":"The Moai Head","floor":44,"gold_loss":0}],"is_beta":false,"boss_relics":[{"not_picked":["Calling Bell","Tiny House"],"picked":"Astrolabe"},{"not_picked":["Fusion Hammer","Runic Pyramid"],"picked":"Velvet Choker"}],"items_purged_floors":[20],"is_endless":false,"potions_floor_spawned":[1,12,13,21,25,31,33,35,42,48],"ascension_level":2}