{"gold_per_floor":[119,47,59,59,59,59,92,92,92,102,102,137,107,125,125,222,222,240,165,115,133,144,144,144],"floor_reached":24,"playtime":1603,"items_purged":[],"score":260,"play_id":"d343cd69-0a11-42bd-acb7-0537f59d900c","local_time":"20230815160136","is_ascension_mode":true,"campfire_choices":[{"data":"Inflame","floor":6,"key":"SMITH"},{"data":"Inflame","floor":8,"key":"SMITH"},{"data":"Anger","floor":15,"key":"SMITH"},{"data":"Inflame","floor":23,"key":"SMITH"}],"neow_cost":"PERCENT_DAMAGE","seed_source_timestamp":570125633639500,"circlet_count":0,"master_deck":["Strike_R","Strike_R","Strike_R","Defend_R","Defend_R","Defend_R","Defend_R","Bash","Bloodletting","Armaments","Inflame+1","Power Through","Iron Wave","Inflame+1","Rage","Evolve","Twin Strike","Anger+1","Warcry","Rupture","Warcry","Warcry+1","Warcry","Inflame+1"],"relics":["Burning Blood","Prayer Wheel","Ornamental Fan","InkBottle","NlothsMask","Shuriken","Mark of Pain"],"potions_floor_usage":[12,22,24],"damage_taken":[{"damage":6,"enemies":"Cultist","floor":1,"turns":3},{"damage":2,"enemies":"Small Slimes","floor":3,"turns":4},{"damage":27,"enemies":"Gremlin Nob","floor":7,"turns":4},{"damage":4,"enemies":"Jaw Worm","floor":10,"turns":4},{"damage":8,"enemies":"Lagavulin","floor":12,"turns":6},{"damage":5,"enemies":"Looter","floor":13,"turns":4},{"damage":10,"enemies":"Gremlin Gang","floor":14,"turns":5},{"damage":16,"enemies":"Hexaghost","floor":16,"turns":8},{"damage":30,"enemies":"Spheric Guardian","floor":18,"turns":6},{"damage":8,"enemies":"3 Byrds","floor":21,"turns":6},{"damage":4,"enemies":"3 Cultists","floor":22,"turns":5},{"damage":67,"enemies":"Gremlin Leader","floor":24,"turns":5}],"seed_played":"-2397467089168875432","potions_obtained":[{"floor":7,"key":"DistilledChaos"},{"floor":12,"key":"SpeedPotion"},{"floor":14,"key":"GamblersBrew"},{"floor":18,"key":"DuplicationPotion"},{"floor":22,"key":"Ancient Potion"}],"is_trial":false,"path_per_floor":["M","$","M","?","$","R","E","R","T","M","?","E","M","M","R","B",null,"M","?","?","M","M","R","E"],"character_chosen":"IRONCLAD","items_purchased":["Inflame"],"campfire_rested":0,"item_purchase_floors":[2],"current_hp_per_floor":[56,56,60,53,53,53,32,32,32,34,34,32,33,29,29,19,80,56,56,56,54,56,56,0],"gold":144,"neow_bonus":"ONE_RARE_RELIC","is_prod":false,"is_daily":false,"chose_seed":false,"campfire_upgraded":4,"win_rate":0,"timestamp":1692140496,"path_taken":["M","?","M","?","$","R","E","R","T","M","?","E","M","?","R","BOSS","M","?","?","?","M","R","E"],"build_version":"2022-12-18","purchased_purges":0,"victory":false,"max_hp_per_floor":[80,80,80,80,80,80,80,80,80,80,80,80,80,80,80,80,80,80,80,80,80,80,80,80],"card_choices":[{"not_picked":["Pommel Strike","Thunderclap"],"picked":"Bloodletting","floor":1},{"not_picked":["Carnage","Body Slam"],"picked":"Armaments","floor":1},{"not_picked":["Infernal Blade","Thunderclap"],"picked":"Power Through","floor":3},{"not_picked":["Burning Pact","Sever Soul"],"picked":"Iron Wave","floor":3},{"not_picked":["Cleave","Hemokinesis"],"picked":"Inflame","floor":7},{"not_picked":["Dual Wield","Corruption"],"picked":"Rage","floor":10},{"not_picked":["Reckless Charge","Armaments","Evolve"],"picked":"SKIP","floor":10},{"not_picked":["Clothesline","Iron Wave"],"picked":"Evolve","floor":12},{"not_picked":["Fire Breathing","Heavy Blade"],"picked":"Twin Strike","floor":13},{"not_picked":["Evolve","Armaments","Exhume"],"picked":"SKIP","floor":13},{"not_picked":["Intimidate","Heavy Blade"],"picked":"Anger","floor":14},{"not_picked":["Fire Breathing","Thunderclap"],"picked":"Warcry","floor":14},{"not_picked":["Dark Embrace","Shrug It Off"],"picked":"Rupture","floor":18},{"not_picked":["Sentinel+1","Shockwave"],"picked":"Warcry","floor":18},{"not_picked":["Anger+1","Pommel Strike"],"picked":"Warcry+1","floor":21},{"not_picked":["Dark Embrace","Iron Wave","Seeing Red"],"picked":"SKIP","floor":21},{"not_picked":["Thunderclap","Sever Soul+1"],"picked":"Warcry","floor":22},{"not_picked":["Searing Blow+1","Perfected Strike+1"],"picked":"Inflame","floor":22}],"player_experience":258266,"relics_obtained":[{"floor":7,"key":"Ornamental Fan"},{"floor":9,"key":"InkBottle"},{"floor":12,"key":"Shuriken"}],"event_choices":[{"cards_removed":["Strike_R"],"damage_healed":0,"gold_gain":0,"player_choice":"Card Removal","damage_taken":7,"max_hp_gain":0,"max_hp_loss":0,"event_name":"Golden Wing","floor":4,"gold_loss":0},{"damage_healed":0,"gold_gain":0,"player_choice":"Trade","damage_taken":0,"relics_obtained":["NlothsMask"],"max_hp_gain":0,"max_hp_loss":0,"event_name":"FaceTrader","floor":11,"gold_loss":0},{"cards_removed":["Strike_R"],"damage_healed":0,"gold_gain":0,"player_choice":"Gave Gold","damage_taken":0,"max_hp_gain":0,"max_hp_loss":0,"event_name":"Beggar","floor":19,"gold_loss":75},{"damage_healed":0,"gold_gain":0,"player_choice":"Bet on Owner","damage_taken":0,"max_hp_gain":0,"max_hp_loss":0,"event_name":"The Joust","floor":20,"gold_loss":50}],"is_beta":false,"boss_relics":[{"not_picked":["Busted Crown","Fusion Hammer"],"picked":"Mark of Pain"}],"items_purged_floors":[],"is_endless":false,"potions_floor_spawned":[7,12,14,18,22],"killed_by":"Gremlin Leader","ascension_level":3}