{"gold_per_floor":[116,131,131,306,156,156,156,185,211,211,228,247,247,263,263,368,368,337,349,264,363,363,363,373,373,373,373,78,112,12,112,112,207,207,217,236,236,16,0,0,0,30,53,53,83,83,97,97,97,97],"floor_reached":51,"playtime":2327,"items_purged":["Doubt","Strike_R"],"score":1054,"play_id":"de871e35-5a52-41a6-b35d-bf60ccbd3e51","local_time":"20230824235027","is_ascension_mode":true,"campfire_choices":[{"data":"Infernal Blade","floor":6,"key":"SMITH"},{"floor":10,"key":"DIG"},{"floor":13,"key":"DIG"},{"data":"Clothesline","floor":15,"key":"SMITH"},{"data":"Armaments","floor":23,"key":"SMITH"},{"floor":25,"key":"DIG"},{"floor":27,"key":"DIG"},{"data":"Anger","floor":32,"key":"SMITH"},{"data":"Rupture","floor":40,"key":"SMITH"},{"floor":44,"key":"DIG"},{"floor":46,"key":"DIG"},{"floor":49,"key":"REST"}],"neow_cost":"NONE","seed_source_timestamp":1375138736846700,"circlet_count":0,"master_deck":["AscendersBane","Defend_R","Defend_R","Defend_R","Defend_R","Bash","Clothesline+1","Infernal Blade+1","Armaments+1","Anger+1","Warcry","Cleave+1","Battle Trance","Seeing Red+1","Battle Trance","Reaper","Uppercut+1","Dark Shackles","Rupture+1","Flex"],"relics":["Burning Blood","Shovel","Bottled Lightning","Pen Nib","Strawberry","Meat on the Bone","Empty Cage","Kunai","Orichalcum","Self Forming Clay","Juzu Bracelet","Lee\u0027s Waffle","PreservedInsect","Bird Faced Urn","Incense Burner","White Beast Statue","Sozu","Omamori","Red Mask","Eternal Feather","Blood Vial","Unceasing Top","Art of War","Turnip"],"potions_floor_usage":[8,31,33,33,48,50],"damage_taken":[{"damage":5,"enemies":"2 Louse","floor":1,"turns":4},{"damage":7,"enemies":"Small Slimes","floor":2,"turns":3},{"damage":41,"enemies":"Gremlin Nob","floor":8,"turns":7},{"damage":0,"enemies":"Jaw Worm","floor":11,"turns":3},{"damage":4,"enemies":"Exordium Wildlife","floor":12,"turns":4},{"damage":16,"enemies":"Large Slime","floor":14,"turns":6},{"damage":24,"enemies":"Hexaghost","floor":16,"turns":9},{"damage":46,"enemies":"2 Thieves","floor":18,"turns":5},{"damage":4,"enemies":"3 Byrds","floor":19,"turns":4},{"damage":31,"enemies":"Snecko","floor":24,"turns":6},{"damage":16,"enemies":"Gremlin Leader","floor":29,"turns":4},{"damage":18,"enemies":"Colosseum Slavers","floor":31,"turns":5},{"damage":27,"enemies":"Colosseum Nobs","floor":31,"turns":3},{"damage":21,"enemies":"Automaton","floor":33,"turns":10},{"damage":30,"enemies":"3 Shapes","floor":35,"turns":4},{"damage":32,"enemies":"3 Darklings","floor":36,"turns":6},{"damage":31,"enemies":"Reptomancer","floor":42,"turns":9},{"damage":46,"enemies":"Giant Head","floor":45,"turns":8},{"damage":61,"enemies":"Sphere and 2 Shapes","floor":47,"turns":5},{"damage":21,"enemies":"4 Shapes","floor":48,"turns":5},{"damage":68,"enemies":"Awakened One","floor":50,"turns":12}],"seed_played":"-9190644829714600127","potions_obtained":[{"floor":1,"key":"Ancient Potion"},{"floor":18,"key":"Swift Potion"},{"floor":24,"key":"EssenceOfSteel"},{"floor":29,"key":"PowerPotion"},{"floor":31,"key":"DuplicationPotion"},{"floor":33,"key":"SmokeBomb"}],"is_trial":false,"path_per_floor":["M","M","?","?","$","R","?","E","T","R","M","M","R","M","R","B",null,"M","M","?","?","?","R","M","R","T","R","$","E","$","?","R","B",null,"M","M","?","$","?","R","?","E","T","R","E","R","M","M","R","B",null],"character_chosen":"IRONCLAD","items_purchased":["Infernal Blade","Lee\u0027s Waffle","PreservedInsect","Rupture","Omamori"],"campfire_rested":1,"item_purchase_floors":[5,28,28,38,38],"current_hp_per_floor":[73,72,65,65,65,65,53,18,18,25,31,33,33,35,35,29,73,45,59,59,59,59,59,46,46,46,46,94,84,84,65,65,62,86,70,68,58,58,58,58,82,69,69,78,63,75,44,45,85,45],"gold":97,"neow_bonus":"REMOVE_CARD","is_prod":false,"is_daily":false,"chose_seed":false,"campfire_upgraded":5,"win_rate":0,"timestamp":1692946227,"path_taken":["M","M","?","?","$","R","?","E","T","R","M","M","R","M","R","BOSS","M","M","?","?","?","R","?","R","T","R","$","E","$","?","R","BOSS","M","M","?","$","?","R","?","E","T","R","E","R","M","M","R","BOSS"],"build_version":"2022-12-18","purchased_purges":2,"victory":true,"max_hp_per_floor":[80,80,80,80,80,80,80,80,80,87,87,87,87,87,87,87,87,87,87,87,87,87,87,87,87,87,87,94,94,94,94,94,94,94,94,94,94,94,94,94,94,94,94,94,94,94,94,94,94,94],"card_choices":[{"not_picked":["Burning Pact","Wild Strike"],"picked":"Clothesline","floor":1},{"not_picked":["Flex","Evolve","Pommel Strike"],"picked":"SKIP","floor":2},{"not_picked":["True Grit","Pommel Strike"],"picked":"Armaments","floor":8},{"not_picked":["Rupture","Bloodletting"],"picked":"Anger","floor":11},{"not_picked":["Shockwave","Pommel Strike","True Grit"],"picked":"SKIP","floor":12},{"not_picked":["Dark Embrace","Flex"],"picked":"Warcry","floor":14},{"not_picked":["Flex","Second Wind"],"picked":"Cleave+1","floor":18},{"not_picked":["Dropkick","Seeing Red","Pommel Strike+1"],"picked":"SKIP","floor":19},{"not_picked":["Heavy Blade","Clash"],"picked":"Battle Trance","floor":24},{"not_picked":["Fiend Fire","True Grit"],"picked":"Seeing Red+1","floor":29},{"not_picked":["Infernal Blade","Sever Soul"],"picked":"Battle Trance","floor":31},{"not_picked":["Bludgeon","Feed"],"picked":"Reaper","floor":33},{"not_picked":["Whirlwind","Carnage+1"],"picked":"Uppercut+1","floor":35},{"not_picked":["Body Slam+1","Headbutt","Rampage"],"picked":"SKIP","floor":36},{"not_picked":["Chrysalis","Metamorphosis"],"picked":"Dark Shackles","floor":37},{"not_picked":["Reckless Charge","Reaper","Heavy Blade"],"picked":"SKIP","floor":42},{"not_picked":["Sentinel","Pummel"],"picked":"Flex","floor":45},{"not_picked":["Second Wind","Reckless Charge","Twin Strike"],"picked":"SKIP","floor":47}],"player_experience":370577,"relics_obtained":[{"floor":8,"key":"Bottled Lightning"},{"floor":9,"key":"Pen Nib"},{"floor":10,"key":"Strawberry"},{"floor":13,"key":"Meat on the Bone"},{"floor":25,"key":"Orichalcum"},{"floor":26,"key":"Self Forming Clay"},{"floor":27,"key":"Juzu Bracelet"},{"floor":29,"key":"Bird Faced Urn"},{"floor":31,"key":"Incense Burner"},{"floor":31,"key":"White Beast Statue"},{"floor":42,"key":"Eternal Feather"},{"floor":43,"key":"Blood Vial"},{"floor":44,"key":"Unceasing Top"},{"floor":45,"key":"Art of War"},{"floor":46,"key":"Turnip"}],"event_choices":[{"cards_removed":["Strike_R"],"damage_healed":0,"gold_gain":0,"player_choice":"Card Removal","damage_taken":7,"max_hp_gain":0,"max_hp_loss":0,"event_name":"Golden Wing","floor":3,"gold_loss":0},{"damage_healed":0,"gold_gain":175,"player_choice":"AGREE","damage_taken":0,"max_hp_gain":0,"max_hp_loss":0,"event_name":"Liars Game","floor":4,"gold_loss":0,"cards_obtained":["Doubt"]},{"damage_healed":0,"gold_gain":0,"player_choice":"Success","damage_taken":12,"relics_obtained":["Shovel"],"max_hp_gain":0,"max_hp_loss":0,"event_name":"Scrap Ooze","floor":7,"gold_loss":0},{"damage_healed":0,"gold_gain":0,"player_choice":"Obtained Relic","damage_taken":0,"relics_obtained":["Kunai"],"max_hp_gain":0,"max_hp_loss":0,"event_name":"Addict","floor":20,"gold_loss":85},{"damage_healed":0,"gold_gain":99,"player_choice":"Stole From Cult","damage_taken":0,"max_hp_gain":0,"max_hp_loss":0,"event_name":"Nest","floor":21,"gold_loss":0},{"damage_healed":0,"gold_gain":0,"player_choice":"Ignored","damage_taken":0,"max_hp_gain":0,"max_hp_loss":0,"event_name":"Vampires","floor":22,"gold_loss":0},{"damage_healed":0,"gold_gain":0,"player_choice":"Fight","damage_taken":0,"max_hp_gain":0,"max_hp_loss":0,"event_name":"Colosseum","floor":31,"gold_loss":0},{"damage_healed":0,"gold_gain":0,"player_choice":"Fought Nobs","damage_taken":0,"max_hp_gain":0,"max_hp_loss":0,"event_name":"Colosseum","floor":31,"gold_loss":0},{"damage_healed":0,"gold_gain":0,"player_choice":"Memory 3","damage_taken":10,"max_hp_gain":0,"max_hp_loss":0,"event_name":"SensoryStone","floor":37,"gold_loss":0},{"damage_healed":0,"gold_gain":0,"player_choice":"Paid","damage_taken":0,"relics_obtained":["Red Mask"],"max_hp_gain":0,"max_hp_loss":0,"event_name":"Tomb of Lord Red Mask","floor":39,"gold_loss":16},{"damage_healed":24,"gold_gain":0,"player_choice":"Writhe","damage_taken":0,"max_hp_gain":0,"max_hp_loss":0,"event_name":"Winding Halls","floor":41,"gold_loss":0,"cards_obtained":["Writhe"]}],"is_beta":false,"boss_relics":[{"not_picked":["Pandora\u0027s Box","Runic Cube"],"picked":"Empty Cage"},{"not_picked":["Tiny House","Coffee Dripper"],"picked":"Sozu"}],"items_purged_floors":[5,30],"is_endless":false,"potions_floor_spawned":[1,18,24,29,31,33,35,36,42,45,47,48],"ascension_level":10}