{"gold_per_floor":[16,30,44,44,9,9,53,53,104,123,142,157,157,172,172,295,295,314,194,194,215,239,239,279,279,304,71,90,90,124,124,124,249,249,267,65,89,108,208,208,239,239,263,276,295,295,315,315,315,315],"floor_reached":51,"playtime":1882,"items_purged":["Strike_R","Strike_R","Strike_R+1"],"score":1053,"play_id":"5e15228c-75d7-47b1-b404-fb24320cc89b","local_time":"20230827002053","is_ascension_mode":true,"campfire_choices":[{"data":"Inflame","floor":6,"key":"SMITH"},{"data":"Sword Boomerang","floor":8,"key":"SMITH"},{"data":"Ghostly Armor","floor":15,"key":"SMITH"},{"data":"Double Tap","floor":23,"key":"SMITH"},{"floor":25,"key":"REST"},{"data":"Entrench","floor":29,"key":"SMITH"},{"data":"Clothesline","floor":32,"key":"SMITH"},{"data":"Inflame","floor":40,"key":"SMITH"},{"data":"Spot Weakness","floor":42,"key":"SMITH"},{"data":"Shrug It Off","floor":46,"key":"SMITH"},{"data":"Battle Trance","floor":49,"key":"SMITH"}],"neow_cost":"NO_GOLD","seed_source_timestamp":1550224741435800,"circlet_count":0,"master_deck":["AscendersBane","Defend_R","Defend_R","Defend_R","Defend_R","Bash+1","Inflame+1","Clothesline+1","Sword Boomerang+1","Spot Weakness+1","Ghostly Armor+1","Battle Trance+1","Reaper","Double Tap+1","Shrug It Off+1","Inflame+1","Entrench+1","Warcry+1","Good Instincts"],"relics":["Black Blood","Golden Idol","Smiling Mask","Bag of Marbles","Busted Crown","Bronze Scales","Tiny Chest","Whetstone","Red Mask","Regal Pillow","Dream Catcher","Anchor","Happy Flower"],"potions_floor_usage":[7,30,30,50],"damage_taken":[{"damage":10,"enemies":"2 Louse","floor":1,"turns":4},{"damage":1,"enemies":"Cultist","floor":2,"turns":3},{"damage":0,"enemies":"Small Slimes","floor":3,"turns":3},{"damage":15,"enemies":"Gremlin Nob","floor":7,"turns":4},{"damage":16,"enemies":"Exordium Wildlife","floor":10,"turns":3},{"damage":8,"enemies":"Looter","floor":11,"turns":3},{"damage":0,"enemies":"2 Fungi Beasts","floor":12,"turns":3},{"damage":13,"enemies":"Exordium Thugs","floor":14,"turns":5},{"damage":48,"enemies":"Slime Boss","floor":16,"turns":10},{"damage":37,"enemies":"Spheric Guardian","floor":18,"turns":6},{"damage":41,"enemies":"3 Byrds","floor":21,"turns":4},{"damage":26,"enemies":"Shelled Parasite and Fungi","floor":22,"turns":5},{"damage":36,"enemies":"Book of Stabbing","floor":24,"turns":5},{"damage":25,"enemies":"Centurion and Healer","floor":28,"turns":6},{"damage":0,"enemies":"Masked Bandits","floor":30,"turns":4},{"damage":70,"enemies":"Automaton","floor":33,"turns":11},{"damage":46,"enemies":"3 Darklings","floor":35,"turns":6},{"damage":26,"enemies":"Orb Walker","floor":38,"turns":4},{"damage":18,"enemies":"Nemesis","floor":41,"turns":7},{"damage":50,"enemies":"Sphere and 2 Shapes","floor":44,"turns":7},{"damage":3,"enemies":"Spire Growth","floor":45,"turns":4},{"damage":29,"enemies":"Writhing Mass","floor":47,"turns":6},{"damage":95,"enemies":"Time Eater","floor":50,"turns":10}],"seed_played":"3867571394357931449","potions_obtained":[{"floor":2,"key":"Weak Potion"},{"floor":7,"key":"SteroidPotion"},{"floor":11,"key":"Ancient Potion"},{"floor":13,"key":"Strength Potion"},{"floor":33,"key":"FearPotion"},{"floor":45,"key":"SpeedPotion"}],"is_trial":false,"path_per_floor":["M","M","M","?","?","R","E","R","T","M","M","M","?","M","R","B",null,"M","$","?","M","M","R","E","R","T","$","M","R","?","?","R","B",null,"M","$","T","M","?","R","E","R","T","M","M","R","M","?","R","B",null],"character_chosen":"IRONCLAD","items_purchased":["Inflame","Whetstone","Entrench","Regal Pillow"],"campfire_rested":1,"item_purchase_floors":[19,27,27,36],"current_hp_per_floor":[68,73,79,59,79,79,70,70,70,60,58,64,64,70,70,38,70,53,53,53,39,36,36,18,42,42,42,45,45,72,72,72,32,68,46,46,46,44,44,44,40,40,40,46,80,80,78,78,78,22],"gold":315,"neow_bonus":"REMOVE_TWO","is_prod":false,"is_daily":false,"chose_seed":false,"campfire_upgraded":10,"win_rate":0,"timestamp":1693120853,"path_taken":["M","M","M","?","?","R","E","R","T","M","M","M","?","M","R","BOSS","M","$","?","M","M","R","E","R","T","?","M","R","?","?","R","BOSS","M","$","?","M","?","R","E","R","T","M","M","R","?","?","R","BOSS"],"build_version":"2022-12-18","purchased_purges":3,"victory":true,"max_hp_per_floor":[80,80,80,80,80,80,80,80,80,80,80,80,80,80,80,80,80,80,80,80,80,80,80,80,80,80,80,80,80,80,80,80,80,80,80,80,80,80,80,80,80,80,80,80,80,80,80,80,80,80],"card_choices":[{"not_picked":["Havoc","Flex"],"picked":"Inflame","floor":1},{"not_picked":["Rampage","Anger"],"picked":"Clothesline","floor":2},{"not_picked":["Shrug It Off","Headbutt"],"picked":"Sword Boomerang","floor":3},{"not_picked":["Havoc","Warcry"],"picked":"Spot Weakness","floor":7},{"not_picked":["Dropkick","Reckless Charge"],"picked":"Ghostly Armor","floor":10},{"not_picked":["Cleave","Rampage"],"picked":"Battle Trance","floor":11},{"not_picked":["Warcry","Heavy Blade"],"picked":"Reaper","floor":12},{"not_picked":["Rampage","Shockwave","Armaments"],"picked":"SKIP","floor":14},{"not_picked":["Corruption","Barricade"],"picked":"Double Tap","floor":16},{"not_picked":[],"picked":"Shrug It Off","floor":18},{"not_picked":["Body Slam"],"picked":"SKIP","floor":21},{"not_picked":["Clothesline"],"picked":"SKIP","floor":22},{"not_picked":["Twin Strike+1"],"picked":"SKIP","floor":24},{"not_picked":["Twin Strike+1"],"picked":"SKIP","floor":28},{"not_picked":["Twin Strike"],"picked":"SKIP","floor":35},{"not_picked":[],"picked":"Warcry+1","floor":38},{"not_picked":["Headbutt+1"],"picked":"SKIP","floor":41},{"not_picked":["Wild Strike+1"],"picked":"SKIP","floor":44},{"not_picked":["Whirlwind"],"picked":"SKIP","floor":45},{"not_picked":["Bloodletting"],"picked":"SKIP","floor":47},{"not_picked":[],"picked":"Good Instincts","floor":48}],"player_experience":387953,"relics_obtained":[{"floor":7,"key":"Smiling Mask"},{"floor":9,"key":"Bag of Marbles"},{"floor":24,"key":"Bronze Scales"},{"floor":26,"key":"Tiny Chest"},{"floor":30,"key":"Red Mask"},{"floor":37,"key":"Dream Catcher"},{"floor":41,"key":"Anchor"},{"floor":43,"key":"Happy Flower"}],"event_choices":[{"damage_healed":0,"gold_gain":0,"player_choice":"Take Damage","damage_taken":20,"relics_obtained":["Golden Idol"],"max_hp_gain":0,"max_hp_loss":0,"event_name":"Golden Idol","floor":4,"gold_loss":0},{"damage_healed":20,"gold_gain":0,"player_choice":"Healed","damage_taken":0,"max_hp_gain":0,"max_hp_loss":0,"event_name":"The Cleric","floor":5,"gold_loss":35},{"damage_healed":0,"gold_gain":0,"player_choice":"Got Potions","damage_taken":0,"max_hp_gain":0,"max_hp_loss":0,"event_name":"Lab","floor":13,"gold_loss":0},{"damage_healed":0,"gold_gain":0,"player_choice":"Bought 0 Potions","damage_taken":0,"max_hp_gain":0,"max_hp_loss":0,"event_name":"The Woman in Blue","floor":20,"gold_loss":0},{"damage_healed":0,"gold_gain":0,"player_choice":"Fought Bandits","damage_taken":0,"max_hp_gain":0,"max_hp_loss":0,"event_name":"Masked Bandits","floor":30,"gold_loss":0},{"damage_healed":0,"gold_gain":0,"player_choice":"Ignored","damage_taken":0,"max_hp_gain":0,"max_hp_loss":0,"event_name":"Ghosts","floor":31,"gold_loss":0},{"damage_healed":0,"gold_gain":100,"player_choice":"Pray","damage_taken":0,"max_hp_gain":0,"max_hp_loss":0,"event_name":"Golden Shrine","floor":39,"gold_loss":0},{"damage_healed":0,"gold_gain":0,"player_choice":"Memory 1","damage_taken":0,"max_hp_gain":0,"max_hp_loss":0,"event_name":"SensoryStone","floor":48,"gold_loss":0}],"is_beta":false,"boss_relics":[{"not_picked":["Empty Cage","Runic Cube"],"picked":"Busted Crown"},{"not_picked":["Runic Dome","Mark of Pain"],"picked":"Black Blood"}],"items_purged_floors":[19,27,36],"is_endless":false,"potions_floor_spawned":[2,7,11,14,22,24,33,45],"ascension_level":11}