{"gold_per_floor":[110,123,123,123,133,133,58,58,58,58,85,85,85,99,99,196,196,214,226,226,226],"floor_reached":21,"playtime":685,"items_purged":["Strike_R"],"score":274,"play_id":"97fb46b8-190c-429d-83e4-08a5dddf33c5","local_time":"20230826234911","is_ascension_mode":true,"campfire_choices":[{"data":"Double Tap","floor":6,"key":"SMITH"},{"data":"Bash","floor":8,"key":"SMITH"},{"data":"Iron Wave","floor":13,"key":"SMITH"},{"data":"Spot Weakness","floor":15,"key":"SMITH"}],"neow_cost":"NONE","seed_source_timestamp":1549526256652300,"circlet_count":0,"master_deck":["AscendersBane","Strike_R","Defend_R","Defend_R","Defend_R","Defend_R","Bash+1","Double Tap+1","Twin Strike","Iron Wave+1","Ghostly Armor","Spot Weakness+1","Brutality","Sword Boomerang","Combust"],"relics":["Burning Blood","Bottled Flame","Eternal Feather","Velvet Choker"],"potions_floor_usage":[16],"damage_taken":[{"damage":5,"enemies":"Small Slimes","floor":1,"turns":5},{"damage":2,"enemies":"2 Louse","floor":2,"turns":3},{"damage":1,"enemies":"Cultist","floor":5,"turns":3},{"damage":47,"enemies":"Lagavulin","floor":11,"turns":10},{"damage":20,"enemies":"Gremlin Gang","floor":14,"turns":5},{"damage":41,"enemies":"Hexaghost","floor":16,"turns":11},{"damage":9,"enemies":"Shell Parasite","floor":18,"turns":3},{"damage":17,"enemies":"Spheric Guardian","floor":19,"turns":4},{"damage":69,"enemies":"Cultist and Chosen","floor":21,"turns":6}],"seed_played":"8187290748712507824","potions_obtained":[{"floor":1,"key":"BloodPotion"},{"floor":14,"key":"Explosive Potion"},{"floor":16,"key":"BlessingOfTheForge"},{"floor":19,"key":"CultistPotion"}],"is_trial":false,"path_per_floor":["M","M","?","?","M","R","$","R","T","?","E","?","R","M","R","B",null,"M","M","?","M"],"character_chosen":"IRONCLAD","items_purchased":[],"campfire_rested":0,"item_purchase_floors":[],"current_hp_per_floor":[73,77,70,75,80,80,80,80,80,80,39,39,45,31,37,19,69,66,55,55,0],"gold":226,"neow_bonus":"ONE_RANDOM_RARE_CARD","is_prod":false,"is_daily":false,"chose_seed":false,"campfire_upgraded":4,"win_rate":0,"timestamp":1693118951,"path_taken":["M","M","?","?","M","R","$","R","T","?","E","?","R","M","R","BOSS","M","M","?","?"],"build_version":"2022-12-18","purchased_purges":1,"victory":false,"max_hp_per_floor":[80,80,80,85,85,85,85,85,85,85,85,85,85,85,85,85,85,85,85,85,85],"card_choices":[{"not_picked":["Sentinel","Anger"],"picked":"Twin Strike","floor":1},{"not_picked":["Feel No Pain","Warcry"],"picked":"Iron Wave","floor":2},{"not_picked":["Dual Wield","Exhume"],"picked":"Ghostly Armor","floor":5},{"not_picked":["Perfected Strike","Clothesline"],"picked":"Spot Weakness","floor":11},{"not_picked":["Thunderclap","Pommel Strike","Flex"],"picked":"SKIP","floor":14},{"not_picked":["Corruption","Demon Form"],"picked":"Brutality","floor":16},{"not_picked":["Dual Wield","Disarm+1"],"picked":"Sword Boomerang","floor":18},{"not_picked":["True Grit","Body Slam"],"picked":"Combust","floor":19}],"player_experience":387268,"relics_obtained":[{"floor":9,"key":"Bottled Flame"},{"floor":11,"key":"Eternal Feather"}],"event_choices":[{"cards_removed":["Strike_R"],"damage_healed":0,"gold_gain":0,"player_choice":"Card Removal","damage_taken":7,"max_hp_gain":0,"max_hp_loss":0,"event_name":"Golden Wing","floor":3,"gold_loss":0},{"damage_healed":0,"gold_gain":0,"player_choice":"Donut","damage_taken":0,"max_hp_gain":5,"max_hp_loss":0,"event_name":"Big Fish","floor":4,"gold_loss":0},{"damage_healed":0,"gold_gain":0,"player_choice":"Ignored","damage_taken":0,"max_hp_gain":0,"max_hp_loss":0,"event_name":"Liars Game","floor":10,"gold_loss":0},{"cards_removed":["Strike_R"],"damage_healed":0,"gold_gain":0,"player_choice":"Purged","damage_taken":0,"max_hp_gain":0,"max_hp_loss":0,"event_name":"Purifier","floor":12,"gold_loss":0},{"cards_removed":["Strike_R"],"damage_healed":0,"gold_gain":0,"player_choice":"Purged","damage_taken":0,"max_hp_gain":0,"max_hp_loss":0,"event_name":"Purifier","floor":20,"gold_loss":0}],"is_beta":false,"boss_relics":[{"not_picked":["Tiny House","Sozu"],"picked":"Velvet Choker"}],"items_purged_floors":[7],"is_endless":false,"potions_floor_spawned":[1,14,16,19],"killed_by":"Cultist and Chosen","ascension_level":11}