{"gold_per_floor":[110,124,139,139,152,152,186,186,186,186,201,214,230,302,302,400,400,417,385,163,163,163,163,179,179,179,179,189,7,7,27,27,132,132,143,143,156,156,171,171,187,187,187,198,210,85,33,50,50,50],"floor_reached":50,"playtime":2190,"items_purged":["Strike_R","Strike_R","Strike_R"],"score":694,"play_id":"3f7c2942-5ae2-4692-8b75-bdc3bf2bf812","local_time":"20230826220631","is_ascension_mode":true,"campfire_choices":[{"data":"Mayhem","floor":6,"key":"SMITH"},{"data":"Infernal Blade","floor":8,"key":"SMITH"},{"data":"Metallicize","floor":10,"key":"SMITH"},{"data":"Armaments","floor":15,"key":"SMITH"},{"data":"Shrug It Off","floor":23,"key":"SMITH"},{"data":"Defend_R","floor":25,"key":"SMITH"},{"data":"Sword Boomerang","floor":27,"key":"SMITH"},{"data":"Metallicize","floor":32,"key":"SMITH"},{"data":"Warcry","floor":40,"key":"SMITH"},{"data":"Uppercut","floor":49,"key":"SMITH"}],"neow_cost":"TEN_PERCENT_HP_LOSS","seed_source_timestamp":1541855940685600,"circlet_count":0,"master_deck":["AscendersBane","Strike_R","Strike_R","Defend_R","Defend_R","Defend_R","Defend_R+1","Bash","Mayhem+1","Clothesline","Infernal Blade+1","Impervious","Shrug It Off+1","Metallicize+1","Armaments+1","Uppercut+1","Reaper","J.A.X.","Sword Boomerang+1","Inflame","Metallicize+1","Blind","Warcry+1","Sword Boomerang+1","Ghostly Armor+1","Metallicize+1"],"relics":["Black Blood","Kunai","Singing Bowl","Blue Candle","Mark of Pain","Brimstone","Sundial","Gremlin Horn"],"potions_floor_usage":[12,33,41,41,45,48],"damage_taken":[{"damage":8,"enemies":"Jaw Worm","floor":1,"turns":5},{"damage":7,"enemies":"Cultist","floor":2,"turns":4},{"damage":13,"enemies":"Small Slimes","floor":3,"turns":2},{"damage":0,"enemies":"3 Louse","floor":5,"turns":3},{"damage":46,"enemies":"3 Sentries","floor":7,"turns":14},{"damage":9,"enemies":"Blue Slaver","floor":11,"turns":5},{"damage":9,"enemies":"Looter","floor":12,"turns":5},{"damage":1,"enemies":"2 Fungi Beasts","floor":13,"turns":5},{"damage":31,"enemies":"Slime Boss","floor":16,"turns":15},{"damage":23,"enemies":"Spheric Guardian","floor":18,"turns":4},{"damage":29,"enemies":"2 Thieves","floor":19,"turns":5},{"damage":20,"enemies":"Shelled Parasite and Fungi","floor":24,"turns":5},{"damage":14,"enemies":"Snake Plant","floor":28,"turns":4},{"damage":7,"enemies":"Cultist and Chosen","floor":31,"turns":5},{"damage":29,"enemies":"Automaton","floor":33,"turns":8},{"damage":31,"enemies":"3 Darklings","floor":35,"turns":4},{"damage":9,"enemies":"3 Shapes","floor":37,"turns":5},{"damage":76,"enemies":"Sphere and 2 Shapes","floor":39,"turns":7},{"damage":30,"enemies":"Spire Growth","floor":41,"turns":5},{"damage":24,"enemies":"3 Darklings","floor":44,"turns":5},{"damage":3,"enemies":"Jaw Worm Horde","floor":45,"turns":3},{"damage":27,"enemies":"Transient","floor":48,"turns":5},{"damage":111,"enemies":"Donu and Deca","floor":50,"turns":7}],"seed_played":"450035162675111597","potions_obtained":[{"floor":1,"key":"Block Potion"},{"floor":11,"key":"AttackPotion"},{"floor":12,"key":"Fruit Juice"},{"floor":19,"key":"Block Potion"},{"floor":33,"key":"AttackPotion"},{"floor":35,"key":"DistilledChaos"},{"floor":37,"key":"PowerPotion"},{"floor":44,"key":"FearPotion"}],"is_trial":false,"path_per_floor":["M","M","M","?","M","R","E","R","T","R","M","M","M","T","R","B",null,"M","M","$","?","?","R","M","R","T","R","M","$","?","M","R","B",null,"M","?","M","?","M","R","M","?","T","M","M","$","$","M","R","B"],"character_chosen":"IRONCLAD","items_purchased":["Brimstone","Metallicize","AttackPotion"],"campfire_rested":0,"item_purchase_floors":[20,29,47],"current_hp_per_floor":[70,69,62,62,68,68,28,28,28,28,25,27,34,34,34,9,62,49,36,36,36,36,36,40,40,40,40,38,38,65,85,85,65,80,80,80,89,89,34,34,35,35,35,64,86,86,86,88,88,0],"gold":50,"neow_bonus":"RANDOM_COLORLESS_2","is_prod":false,"is_daily":false,"chose_seed":false,"campfire_upgraded":10,"win_rate":0,"timestamp":1693112791,"path_taken":["M","M","M","?","M","R","E","R","T","R","M","M","?","?","R","BOSS","M","M","$","?","?","R","M","R","T","R","M","$","?","M","R","BOSS","M","?","M","?","M","R","M","?","T","M","M","?","$","?","R","BOSS"],"build_version":"2022-12-18","purchased_purges":3,"victory":false,"max_hp_per_floor":[72,72,72,72,72,72,72,72,72,72,72,77,79,79,79,79,79,81,83,83,83,83,83,83,83,83,83,83,83,83,85,85,85,85,87,87,89,89,89,89,89,89,89,89,89,89,89,91,91,91],"card_choices":[{"not_picked":["Panache","Thinking Ahead"],"picked":"Mayhem","floor":0},{"not_picked":["Feel No Pain","Warcry"],"picked":"Clothesline","floor":1},{"not_picked":["Thunderclap","True Grit"],"picked":"Infernal Blade","floor":2},{"not_picked":["Pommel Strike","Barricade","Perfected Strike"],"picked":"SKIP","floor":3},{"not_picked":["Sword Boomerang","Rage"],"picked":"Shrug It Off","floor":5},{"not_picked":["Thunderclap","Brutality"],"picked":"Metallicize","floor":7},{"not_picked":["Burning Pact","Wild Strike"],"picked":"Armaments","floor":11},{"not_picked":["Entrench","Wild Strike"],"picked":"Uppercut","floor":12},{"not_picked":["Cleave","Armaments","Juggernaut"],"picked":"Singing Bowl","floor":13},{"not_picked":["Feed","Berserk"],"picked":"Reaper","floor":16},{"not_picked":["Dark Embrace+1","Anger","Heavy Blade"],"picked":"Singing Bowl","floor":18},{"not_picked":["Sever Soul+1","Combust","Pommel Strike"],"picked":"Singing Bowl","floor":19},{"not_picked":["Burning Pact","Warcry"],"picked":"Sword Boomerang","floor":24},{"not_picked":["Rupture+1","Sword Boomerang"],"picked":"Inflame","floor":28},{"not_picked":["Warcry","Burning Pact","True Grit"],"picked":"Singing Bowl","floor":31},{"not_picked":["Demon Form","Corruption"],"picked":"Double Tap","floor":33},{"not_picked":["Cleave","Pommel Strike","Carnage"],"picked":"Singing Bowl","floor":35},{"not_picked":["Disarm","Infernal Blade","Havoc"],"picked":"Singing Bowl","floor":37},{"not_picked":["Transmutation","Violence"],"picked":"Blind","floor":38},{"not_picked":["Thunderclap","Carnage"],"picked":"Warcry","floor":39},{"not_picked":["Carnage+1","Reckless Charge"],"picked":"Sword Boomerang+1","floor":41},{"not_picked":["Sentinel+1","Flex+1"],"picked":"Ghostly Armor+1","floor":44},{"not_picked":["Shrug It Off+1","Flex+1"],"picked":"Metallicize+1","floor":45},{"not_picked":["Iron Wave","Armaments","Havoc"],"picked":"Singing Bowl","floor":48}],"player_experience":384527,"relics_obtained":[{"floor":7,"key":"Kunai"},{"floor":9,"key":"Singing Bowl"},{"floor":14,"key":"Blue Candle"},{"floor":26,"key":"Sundial"},{"floor":43,"key":"Gremlin Horn"}],"event_choices":[{"damage_healed":0,"gold_gain":0,"player_choice":"1 cards matched","damage_taken":0,"max_hp_gain":0,"max_hp_loss":0,"event_name":"Match and Keep!","floor":4,"gold_loss":0,"cards_obtained":["Impervious"]},{"damage_healed":0,"gold_gain":0,"player_choice":"Ignored","damage_taken":0,"max_hp_gain":0,"max_hp_loss":0,"event_name":"Vampires","floor":21,"gold_loss":0},{"damage_healed":0,"gold_gain":0,"player_choice":"Obtain J.A.X.","damage_taken":0,"max_hp_gain":0,"max_hp_loss":0,"event_name":"Drug Dealer","floor":22,"gold_loss":0,"cards_obtained":["J.A.X."]},{"damage_healed":27,"gold_gain":0,"player_choice":"Heal","damage_taken":0,"max_hp_gain":0,"max_hp_loss":0,"event_name":"The Library","floor":30,"gold_loss":0},{"cards_removed":["Double Tap"],"damage_healed":0,"gold_gain":0,"player_choice":"Removed Skill","damage_taken":0,"max_hp_gain":0,"max_hp_loss":0,"event_name":"Falling","floor":36,"gold_loss":0},{"damage_healed":0,"gold_gain":0,"player_choice":"Memory 1","damage_taken":0,"max_hp_gain":0,"max_hp_loss":0,"event_name":"SensoryStone","floor":38,"gold_loss":0},{"damage_healed":0,"gold_gain":0,"player_choice":"Ignored","damage_taken":0,"max_hp_gain":0,"max_hp_loss":0,"event_name":"Mysterious Sphere","floor":42,"gold_loss":0}],"is_beta":false,"boss_relics":[{"not_picked":["Pandora\u0027s Box","Runic Cube"],"picked":"Mark of Pain"},{"not_picked":["Cursed Key","Busted Crown"],"picked":"Black Blood"}],"items_purged_floors":[20,29,46],"is_endless":false,"potions_floor_spawned":[1,11,12,19,24,33,35,37,44],"killed_by":"Donu and Deca","ascension_level":11}