{"gold_per_floor":[114,129,149,149,99,99,119,119,145,7,20,30,57,40,40,115,115,128,147,147,160,173,173,25,55,82,93,109,109,144,94,94,168,168,181,229,229,245,261,261,288,308,333,333,333,350,361,2,2,2],"floor_reached":51,"playtime":1796,"items_purged":["Strike_R","Strike_R","Strike_R"],"score":1202,"play_id":"8af9838f-691f-4441-9cec-c917e77a9e9f","local_time":"20230831005254","is_ascension_mode":true,"campfire_choices":[{"data":"Armaments","floor":6.0,"key":"SMITH"},{"data":"Whirlwind","floor":8.0,"key":"SMITH"},{"floor":15.0,"key":"REST"},{"floor":23,"key":"REST"},{"floor":32,"key":"REST"},{"floor":40,"key":"REST"},{"floor":44,"key":"REST"},{"floor":49,"key":"REST"}],"neow_cost":"NONE","seed_source_timestamp":0,"circlet_count":0,"master_deck":["AscendersBane","Strike_R","Defend_R","Defend_R","Defend_R","Defend_R","Bash+1","Cleave","Sword Boomerang","Armaments+1","Whirlwind+1","Iron Wave","Shrug It Off","Shrug It Off","Seeing Red","Impervious","Hemokinesis+1","Intimidate","Metallicize","Limit Break+1","Offering","Battle Trance+1","Clothesline+1","Limit Break"],"special_seed":0,"relics":["Burning Blood","Smiling Mask","Boot","Self Forming Clay","Fusion Hammer","Brimstone","Meat on the Bone","Lantern","Matryoshka","SacredBark","Unceasing Top","Anchor","Centennial Puzzle","Juzu Bracelet","Oddly Smooth Stone"],"potions_floor_usage":[19,50,50,50],"damage_taken":[{"damage":14.0,"enemies":"Jaw Worm","floor":1.0,"turns":5.0},{"damage":11.0,"enemies":"2 Louse","floor":2.0,"turns":2.0},{"damage":1.0,"enemies":"Cultist","floor":3.0,"turns":3.0},{"damage":23.0,"enemies":"Exordium Thugs","floor":7.0,"turns":5.0},{"damage":9.0,"enemies":"Red Slaver","floor":11.0,"turns":4.0},{"damage":7.0,"enemies":"Looter","floor":12.0,"turns":3.0},{"damage":13.0,"enemies":"3 Sentries","floor":13.0,"turns":5.0},{"damage":1.0,"enemies":"Exordium Thugs","floor":14.0,"turns":4.0},{"damage":49.0,"enemies":"Hexaghost","floor":16.0,"turns":11.0},{"damage":2,"enemies":"3 Byrds","floor":18,"turns":3},{"damage":0,"enemies":"2 Thieves","floor":19,"turns":3},{"damage":17,"enemies":"Snecko","floor":21,"turns":5},{"damage":25,"enemies":"Snake Plant","floor":22,"turns":3},{"damage":22,"enemies":"Slavers","floor":25,"turns":4},{"damage":5,"enemies":"Shelled Parasite and Fungi","floor":27,"turns":4},{"damage":0,"enemies":"3 Cultists","floor":28,"turns":2},{"damage":26,"enemies":"Gremlin Leader","floor":30,"turns":5},{"damage":23,"enemies":"Champ","floor":33,"turns":7},{"damage":8,"enemies":"Orb Walker","floor":35,"turns":3},{"damage":8,"enemies":"2 Orb Walkers","floor":36,"turns":3},{"damage":6,"enemies":"3 Shapes","floor":38,"turns":2},{"damage":8,"enemies":"Spire Growth","floor":39,"turns":4},{"damage":43,"enemies":"Reptomancer","floor":41,"turns":5},{"damage":6,"enemies":"Maw","floor":42,"turns":6},{"damage":32,"enemies":"3 Darklings","floor":46,"turns":3},{"damage":0,"enemies":"Jaw Worm Horde","floor":47,"turns":2},{"damage":50,"enemies":"Awakened One","floor":50,"turns":6}],"seed_played":"-9083115380471198414","potions_obtained":[{"floor":7.0,"key":"Fire Potion"},{"floor":12.0,"key":"Strength Potion"},{"floor":13.0,"key":"ElixirPotion"},{"floor":14.0,"key":"AttackPotion"},{"floor":18,"key":"SteroidPotion"},{"floor":25,"key":"Explosive Potion"},{"floor":28,"key":"EntropicBrew"}],"is_trial":false,"path_per_floor":["M","M","M","?","?","R","M","R","T","$","M","M","E","M","R","B",null,"M","M","?","M","M","R","$","E","T","M","M","?","E","$","R","B",null,"M","?","?","M","M","R","E","M","T","R","?","M","M","$","R","B",null],"character_chosen":"IRONCLAD","items_purchased":["Iron Wave","Hemokinesis","Brimstone","Oddly Smooth Stone","Limit Break"],"campfire_rested":6,"item_purchase_floors":[10,10,24,48,48],"current_hp_per_floor":[64,59,64,52,52,52,35,35,35,35,32,31,24,29,53,10,63,67,73,80,69,50,74,74,58,58,59,65,65,57,57,80,63,76,74,72,72,72,70,76,51,51,51,73,73,47,53,53,75,43],"gold":2,"neow_bonus":"UPGRADE_CARD","is_prod":false,"is_daily":false,"chose_seed":false,"campfire_upgraded":2,"win_rate":0,"timestamp":1693468374,"path_taken":["M","M","M","?","?","R","M","R","T","$","M","M","E","M","R","BOSS","M","M","?","M","M","R","$","E","T","M","?","?","E","$","R","BOSS","M","?","?","M","M","R","E","M","T","R","?","M","M","$","R","BOSS"],"build_version":"2022-12-18","purchased_purges":3,"victory":true,"max_hp_per_floor":[80,80,80,80,80,80,80,80,80,80,80,80,80,80,80,80,80,80,80,80,80,80,80,80,80,80,80,80,80,80,80,80,80,80,80,80,76,76,76,76,76,76,76,76,76,76,76,76,76,76],"card_choices":[{"not_picked":["Sword Boomerang","Pummel"],"picked":"Cleave","floor":1.0},{"not_picked":["Fire Breathing","Perfected Strike"],"picked":"Sword Boomerang","floor":2.0},{"not_picked":["True Grit","Rupture"],"picked":"Armaments","floor":3.0},{"not_picked":["Feel No Pain","Thunderclap"],"picked":"Whirlwind","floor":7.0},{"not_picked":["Warcry","Dark Embrace"],"picked":"Shrug It Off","floor":11.0},{"not_picked":["Brutality","Pommel Strike","Havoc"],"picked":"SKIP","floor":12.0},{"not_picked":["Double Tap","Heavy Blade"],"picked":"Shrug It Off","floor":13.0},{"not_picked":["Anger","Body Slam"],"picked":"Seeing Red","floor":14.0},{"not_picked":["Immolate","Double Tap"],"picked":"Impervious","floor":16.0},{"not_picked":["Twin Strike","Clash","Sword Boomerang"],"picked":"SKIP","floor":18},{"not_picked":["Carnage","Seeing Red"],"picked":"Hemokinesis+1","floor":19},{"not_picked":["Clothesline","Wild Strike"],"picked":"Intimidate","floor":21},{"not_picked":["Sentinel","Warcry"],"picked":"Metallicize","floor":22},{"not_picked":["Twin Strike","Anger"],"picked":"Limit Break","floor":25},{"not_picked":["Armaments","Heavy Blade","Flex"],"picked":"SKIP","floor":27},{"not_picked":["Rage","Body Slam","Combust"],"picked":"SKIP","floor":28},{"not_picked":["Immolate","Twin Strike","Body Slam"],"picked":"SKIP","floor":30},{"not_picked":["Exhume","Bludgeon"],"picked":"Offering","floor":33},{"not_picked":["Shockwave","Twin Strike"],"picked":"Battle Trance+1","floor":35},{"not_picked":["Thunderclap","Heavy Blade+1"],"picked":"Clothesline+1","floor":38},{"not_picked":["Iron Wave","Armaments","Carnage"],"picked":"SKIP","floor":39},{"not_picked":["Perfected Strike","Carnage","Anger"],"picked":"SKIP","floor":41},{"not_picked":["Uppercut","Dark Embrace","Spot Weakness"],"picked":"SKIP","floor":42},{"not_picked":["Headbutt","Entrench+1","Immolate"],"picked":"SKIP","floor":46},{"not_picked":["Iron Wave","Uppercut","Shrug It Off"],"picked":"SKIP","floor":47}],"player_experience":429983,"relics_obtained":[{"floor":9.0,"key":"Boot"},{"floor":13.0,"key":"Self Forming Clay"},{"floor":25,"key":"Meat on the Bone"},{"floor":26,"key":"Lantern"},{"floor":30,"key":"Matryoshka"},{"floor":36,"key":"Unceasing Top"},{"floor":41,"key":"Anchor"},{"floor":43,"key":"Centennial Puzzle"},{"floor":43,"key":"Juzu Bracelet"}],"event_choices":[{"damage_healed":0.0,"max_hp_gain":0.0,"max_hp_loss":0.0,"gold_gain":0.0,"event_name":"Scrap Ooze","player_choice":"Success","floor":4.0,"gold_loss":0.0,"damage_taken":12.0,"relics_obtained":["Smiling Mask"]},{"cards_removed":["Strike_R"],"damage_healed":0.0,"max_hp_gain":0.0,"max_hp_loss":0.0,"gold_gain":0.0,"event_name":"The Cleric","player_choice":"Card Removal","floor":5.0,"gold_loss":50.0,"damage_taken":0.0},{"cards_removed":["Hemokinesis"],"damage_healed":7,"gold_gain":0,"player_choice":"Offered Uncommon","damage_taken":0,"max_hp_gain":0,"max_hp_loss":0,"event_name":"Bonfire Elementals","floor":20,"gold_loss":0},{"damage_healed":0,"gold_gain":0,"player_choice":"Upgraded","damage_taken":0,"max_hp_gain":0,"max_hp_loss":0,"event_name":"Upgrade Shrine","floor":29,"gold_loss":0,"cards_upgraded":["Limit Break"]},{"damage_healed":0,"gold_gain":0,"player_choice":"Fight","damage_taken":0,"max_hp_gain":0,"max_hp_loss":0,"event_name":"Mysterious Sphere","floor":36,"gold_loss":0},{"damage_healed":0,"gold_gain":0,"player_choice":"Max HP","damage_taken":0,"max_hp_gain":0,"max_hp_loss":4,"event_name":"Winding Halls","floor":37,"gold_loss":0},{"damage_healed":0,"gold_gain":0,"player_choice":"Ignored","damage_taken":0,"max_hp_gain":0,"max_hp_loss":0,"event_name":"Tomb of Lord Red Mask","floor":45,"gold_loss":0}],"is_beta":false,"boss_relics":[{"not_picked":["Snecko Eye","Empty Cage"],"picked":"Fusion Hammer"},{"not_picked":["Pandora\u0027s Box","Calling Bell"],"picked":"SacredBark"}],"items_purged_floors":[10,31,48],"is_endless":false,"potions_floor_spawned":[7,12,13,14,18,25,28,39,42,47],"ascension_level":13}