{"gold_per_floor":[114,114,134,146,164,164,189,201,270,303,303,315,315,335,335,409,409,427,440,440,440,12,12,39,55,82,82,82,101,125,125,125,125],"floor_reached":33,"playtime":1567,"items_purged":["Strike_R"],"score":540,"play_id":"f9566d84-90a2-490c-abf3-c2043e6b251e","local_time":"20230913010613","is_ascension_mode":true,"campfire_choices":[{"data":"Bash","floor":6.0,"key":"SMITH"},{"data":"Bludgeon","floor":11.0,"key":"SMITH"},{"data":"Cleave","floor":13.0,"key":"SMITH"},{"data":"Flame Barrier","floor":15.0,"key":"SMITH"},{"data":"Inflame","floor":23,"key":"SMITH"},{"data":"Shrug It Off","floor":27,"key":"SMITH"},{"data":"Limit Break","floor":32,"key":"SMITH"}],"neow_cost":"NONE","seed_source_timestamp":259755137208900,"circlet_count":0,"master_deck":["AscendersBane","Strike_R","Strike_R","Defend_R","Defend_R","Defend_R","Bash+1","Brutality","Shrug It Off","Headbutt","Shrug It Off+1","Cleave+1","Headbutt","Pommel Strike","Bludgeon+1","Warcry","Flame Barrier+1","Limit Break+1","Heavy Blade+1","Inflame+1","Armaments+1"],"special_seed":0,"relics":["Burning Blood","Dream Catcher","White Beast Statue","CaptainsWheel","Coffee Dripper","Nilry\u0027s Codex","Meat on the Bone","Centennial Puzzle","Art of War","Bronze Scales"],"potions_floor_usage":[16,25,29,33],"damage_taken":[{"damage":14.0,"enemies":"Jaw Worm","floor":1.0,"turns":6.0},{"damage":3.0,"enemies":"Cultist","floor":3.0,"turns":4.0},{"damage":0.0,"enemies":"Small Slimes","floor":4.0,"turns":3.0},{"damage":2.0,"enemies":"2 Fungi Beasts","floor":5.0,"turns":5.0},{"damage":5.0,"enemies":"3 Sentries","floor":7.0,"turns":3.0},{"damage":11.0,"enemies":"Lots of Slimes","floor":8.0,"turns":3.0},{"damage":31.0,"enemies":"Gremlin Nob","floor":10.0,"turns":4.0},{"damage":0.0,"enemies":"Blue Slaver","floor":12.0,"turns":4.0},{"damage":0.0,"enemies":"Large Slime","floor":14.0,"turns":4.0},{"damage":52,"enemies":"Hexaghost","floor":16,"turns":9},{"damage":6,"enemies":"2 Thieves","floor":18,"turns":4},{"damage":4,"enemies":"Spheric Guardian","floor":19,"turns":4},{"damage":38,"enemies":"Slavers","floor":24,"turns":5},{"damage":12,"enemies":"Snake Plant","floor":25,"turns":4},{"damage":8,"enemies":"Centurion and Healer","floor":29,"turns":4},{"damage":61,"enemies":"Collector","floor":33,"turns":6}],"seed_played":"-1810385384442263161","potions_obtained":[{"floor":3.0,"key":"SkillPotion"},{"floor":5.0,"key":"Regen Potion"},{"floor":8.0,"key":"Regen Potion"},{"floor":10.0,"key":"PowerPotion"},{"floor":12.0,"key":"HeartOfIron"},{"floor":16,"key":"BlessingOfTheForge"},{"floor":19,"key":"Dexterity Potion"},{"floor":25,"key":"BlessingOfTheForge"},{"floor":29,"key":"DistilledChaos"}],"is_trial":false,"path_per_floor":["M","?","M","M","M","R","E","M","T","E","R","M","R","M","R","B",null,"M","M","?","?","$","R","E","M","T","R","?","M","T","?","R","B"],"character_chosen":"IRONCLAD","items_purchased":["Inflame","Meat on the Bone"],"campfire_rested":0,"item_purchase_floors":[22,22],"current_hp_per_floor":[60,60,63,69,73,73,74,69,69,44,44,50,50,56,56,10,59,59,61,40,40,40,40,20,26,26,26,26,36,36,36,36,0],"gold":125,"neow_bonus":"TRANSFORM_CARD","is_prod":false,"is_daily":false,"chose_seed":false,"campfire_upgraded":7,"win_rate":0,"timestamp":1694592373,"path_taken":["M","?","M","M","M","R","E","M","T","E","R","M","R","M","R","BOSS","M","M","?","?","$","R","E","?","T","R","?","M","?","?","R","BOSS"],"build_version":"2022-12-18","purchased_purges":1,"victory":false,"max_hp_per_floor":[75,75,75,75,75,75,75,75,75,75,75,75,75,75,75,75,75,75,75,75,75,75,75,75,75,75,75,75,75,75,75,75,75],"card_choices":[{"not_picked":["Body Slam","Dual Wield"],"picked":"Shrug It Off","floor":1.0},{"not_picked":["Havoc","Demon Form","Power Through"],"picked":"SKIP","floor":3.0},{"not_picked":["Second Wind","Sentinel"],"picked":"Shrug It Off","floor":4.0},{"not_picked":["Battle Trance","Heavy Blade"],"picked":"Cleave","floor":5.0},{"not_picked":["Feel No Pain","Flex"],"picked":"Headbutt","floor":7.0},{"not_picked":["Clash","Havoc"],"picked":"Pommel Strike","floor":8.0},{"not_picked":["Entrench","Reckless Charge"],"picked":"Bludgeon","floor":10.0},{"not_picked":["Anger","Rage"],"picked":"Warcry","floor":12.0},{"not_picked":["Iron Wave","Twin Strike"],"picked":"Flame Barrier","floor":14.0},{"not_picked":["Offering","Impervious"],"picked":"Limit Break","floor":16},{"not_picked":["Clothesline","Perfected Strike"],"picked":"Heavy Blade+1","floor":18},{"not_picked":["Infernal Blade","Perfected Strike","Rampage"],"picked":"SKIP","floor":19},{"not_picked":["Havoc","Sword Boomerang"],"picked":"Armaments+1","floor":24},{"not_picked":["Thunderclap","Pommel Strike","Warcry"],"picked":"SKIP","floor":25},{"not_picked":["Metallicize","Headbutt","Body Slam"],"picked":"SKIP","floor":29}],"player_experience":564746,"relics_obtained":[{"floor":7.0,"key":"Dream Catcher"},{"floor":9.0,"key":"White Beast Statue"},{"floor":10.0,"key":"CaptainsWheel"},{"floor":20,"key":"Nilry\u0027s Codex"},{"floor":24,"key":"Centennial Puzzle"},{"floor":26,"key":"Art of War"},{"floor":30,"key":"Bronze Scales"}],"event_choices":[{"damage_healed":0.0,"max_hp_gain":0.0,"max_hp_loss":0.0,"gold_gain":0.0,"cards_transformed":["Defend_R"],"event_name":"Transmorgrifier","player_choice":"Transformed","floor":2.0,"gold_loss":0.0,"damage_taken":0.0,"cards_obtained":["Headbutt"]},{"damage_healed":0,"gold_gain":0,"player_choice":"Obtained Book","damage_taken":21,"max_hp_gain":0,"max_hp_loss":0,"event_name":"Cursed Tome","floor":20,"gold_loss":0},{"cards_removed":["Strike_R"],"damage_healed":0,"gold_gain":0,"player_choice":"Purged","damage_taken":0,"max_hp_gain":0,"max_hp_loss":0,"event_name":"Purifier","floor":21,"gold_loss":0},{"damage_healed":0,"gold_gain":0,"player_choice":"Ignored","damage_taken":0,"max_hp_gain":0,"max_hp_loss":0,"event_name":"The Mausoleum","floor":28,"gold_loss":0},{"damage_healed":0,"gold_gain":0,"player_choice":"Ignored","damage_taken":0,"max_hp_gain":0,"max_hp_loss":0,"event_name":"Ghosts","floor":31,"gold_loss":0}],"is_beta":false,"boss_relics":[{"not_picked":["Calling Bell","Runic Pyramid"],"picked":"Coffee Dripper"}],"items_purged_floors":[22],"is_endless":false,"potions_floor_spawned":[3,5,8,10,12,14,16,18,19,24,25,29],"killed_by":"Collector","ascension_level":19}