{"gold_per_floor":[119,135,150,150,176,176,190,190,215,230,230,230,230,70,70,144,144,160,160,160,134,134,134,148,165,165,179,179,194,194,26,26,103,103,117,136,136,61,86,118,118,118,118,118,8,43,43,43,43,43],"floor_reached":51,"playtime":1391,"items_purged":["Strike_R"],"score":1328,"play_id":"cf4db222-aa3a-49bc-9b82-566cab3162dc","local_time":"20230907140814","is_ascension_mode":true,"campfire_choices":[{"data":"Demon Form","floor":6,"key":"SMITH"},{"data":"Armaments","floor":8,"key":"SMITH"},{"data":"Bash","floor":11,"key":"SMITH"},{"data":"Heavy Blade","floor":13,"key":"SMITH"},{"data":"Defend_R","floor":15,"key":"SMITH"},{"floor":23,"key":"REST"},{"floor":28,"key":"REST"},{"floor":30,"key":"REST"},{"data":"Heavy Blade","floor":32,"key":"SMITH"},{"floor":42,"key":"REST"},{"data":"Limit Break","floor":44,"key":"SMITH"},{"data":"Impervious","floor":47,"key":"SMITH"},{"floor":49,"key":"REST"}],"neow_cost":"NONE","seed_source_timestamp":2550808113034400,"circlet_count":0,"master_deck":["AscendersBane","Strike_R","Strike_R","Defend_R","Defend_R","Defend_R","Defend_R+1","Bash+1","Heavy Blade+1","Armaments+1","Berserk+1","Pommel Strike+1","Warcry+1","Anger+1","Twin Strike+1","Heavy Blade+1","Reaper","Limit Break+1","Impervious+1"],"relics":["Burning Blood","Torii","Juzu Bracelet","Bronze Scales","Brimstone","Sozu","InkBottle","SlaversCollar","CaptainsWheel","Frozen Egg 2","Shuriken","Regal Pillow"],"potions_floor_usage":[0,16,16],"damage_taken":[{"damage":2,"enemies":"Cultist","floor":1,"turns":4},{"damage":2,"enemies":"Jaw Worm","floor":2,"turns":3},{"damage":4,"enemies":"Small Slimes","floor":3,"turns":4},{"damage":17,"enemies":"3 Louse","floor":7,"turns":6},{"damage":17,"enemies":"Red Slaver","floor":10,"turns":4},{"damage":63,"enemies":"Hexaghost","floor":16,"turns":6},{"damage":41,"enemies":"Shell Parasite","floor":18,"turns":4},{"damage":19,"enemies":"2 Thieves","floor":21,"turns":4},{"damage":12,"enemies":"3 Cultists","floor":24,"turns":5},{"damage":24,"enemies":"Sentry and Sphere","floor":25,"turns":4},{"damage":30,"enemies":"Snake Plant","floor":27,"turns":3},{"damage":1,"enemies":"3 Cultists","floor":29,"turns":3},{"damage":62,"enemies":"Collector","floor":33,"turns":7},{"damage":60,"enemies":"3 Darklings","floor":35,"turns":4},{"damage":32,"enemies":"3 Shapes","floor":36,"turns":8},{"damage":10,"enemies":"Mind Bloom Boss Battle","floor":39,"turns":6},{"damage":54,"enemies":"Nemesis","floor":40,"turns":5},{"damage":0,"enemies":"Giant Head","floor":46,"turns":4},{"damage":59,"enemies":"Donu and Deca","floor":50,"turns":6}],"seed_played":"6379445523923770429","potions_obtained":[{"floor":0,"key":"Fruit Juice"},{"floor":0,"key":"Weak Potion"},{"floor":0,"key":"SteroidPotion"},{"floor":1,"key":"ColorlessPotion"}],"is_trial":false,"path_per_floor":["M","M","M","?","T","R","M","R","T","M","R","?","R","$","R","B",null,"M","?","?","M","?","R","M","M","T","M","R","M","R","$","R","B",null,"M","M","?","$","?","E","?","R","T","R","?","E","R","$","R","B",null],"character_chosen":"IRONCLAD","items_purchased":["Brimstone","Reaper"],"campfire_rested":5,"item_purchase_floors":[14,31],"current_hp_per_floor":[77,80,80,62,62,62,51,51,51,40,40,90,90,90,90,33,76,41,41,41,28,28,55,49,31,31,7,34,39,66,66,66,10,70,41,38,38,38,74,33,33,60,60,60,60,66,66,66,90,63],"gold":43,"neow_bonus":"THREE_SMALL_POTIONS","is_prod":false,"is_daily":false,"chose_seed":false,"campfire_upgraded":8,"win_rate":0,"timestamp":1694120894,"path_taken":["M","?","M","?","?","R","M","R","T","M","R","?","R","$","R","BOSS","M","?","?","M","?","R","M","M","T","M","R","M","R","?","R","BOSS","M","M","?","$","?","E","?","R","T","R","?","E","R","?","R","BOSS"],"build_version":"2022-12-18","purchased_purges":1,"victory":true,"max_hp_per_floor":[80,80,80,80,80,80,80,80,80,80,80,90,90,90,90,90,90,90,90,90,90,90,90,90,90,90,90,90,90,90,90,90,90,90,90,90,90,90,90,90,90,90,90,90,90,90,90,90,90,90],"card_choices":[{"not_picked":["Sever Soul","Perfected Strike"],"picked":"Heavy Blade","floor":1},{"not_picked":["Blood for Blood","Heavy Blade"],"picked":"Armaments","floor":2},{"not_picked":["Sword Boomerang","Warcry"],"picked":"Demon Form","floor":3},{"not_picked":["Combust","Reckless Charge","Dark Embrace"],"picked":"SKIP","floor":7},{"not_picked":["Armaments","Iron Wave","Dark Embrace"],"picked":"SKIP","floor":10},{"not_picked":["Brutality","Bludgeon"],"picked":"Berserk","floor":16},{"not_picked":["Wild Strike","Havoc"],"picked":"Pommel Strike","floor":18},{"not_picked":["Armaments","Flex"],"picked":"Warcry+1","floor":21},{"not_picked":["Reckless Charge","Clothesline"],"picked":"Anger+1","floor":24},{"not_picked":["Clothesline","Dual Wield"],"picked":"Twin Strike+1","floor":25},{"not_picked":["Wild Strike+1","Twin Strike","Combust"],"picked":"SKIP","floor":27},{"not_picked":["Berserk","True Grit"],"picked":"Heavy Blade","floor":29},{"not_picked":["Corruption","Exhume"],"picked":"Limit Break","floor":33},{"not_picked":["Heavy Blade","Pommel Strike","Body Slam+1"],"picked":"SKIP","floor":35},{"not_picked":["True Grit","Twin Strike","Clothesline+1"],"picked":"SKIP","floor":36},{"not_picked":["Searing Blow","Carnage"],"picked":"Impervious","floor":39},{"not_picked":["Anger+1","Flex","Armaments+1"],"picked":"SKIP","floor":40},{"not_picked":["Bloodletting","Havoc+1","Combust+1"],"picked":"SKIP","floor":46}],"player_experience":505496,"relics_obtained":[{"floor":5,"key":"Juzu Bracelet"},{"floor":9,"key":"Bronze Scales"},{"floor":26,"key":"InkBottle"},{"floor":39,"key":"CaptainsWheel"},{"floor":40,"key":"Frozen Egg 2"},{"floor":43,"key":"Shuriken"},{"floor":46,"key":"Regal Pillow"}],"event_choices":[{"damage_healed":0,"gold_gain":0,"player_choice":"Success","damage_taken":18,"relics_obtained":["Torii"],"max_hp_gain":0,"max_hp_loss":0,"event_name":"Scrap Ooze","floor":4,"gold_loss":0},{"cards_removed":["Demon Form"],"damage_healed":40,"gold_gain":0,"player_choice":"Offered Rare","damage_taken":0,"max_hp_gain":10,"max_hp_loss":0,"event_name":"Bonfire Elementals","floor":12,"gold_loss":0},{"damage_healed":0,"gold_gain":0,"player_choice":"Ignored","damage_taken":0,"max_hp_gain":0,"max_hp_loss":0,"event_name":"Cursed Tome","floor":19,"gold_loss":0},{"cards_removed":["Strike_R"],"damage_healed":0,"gold_gain":0,"player_choice":"Card Removal","damage_taken":0,"max_hp_gain":0,"max_hp_loss":0,"event_name":"Wheel of Change","floor":20,"gold_loss":0},{"damage_healed":0,"gold_gain":0,"player_choice":"Forge","damage_taken":0,"max_hp_gain":0,"max_hp_loss":0,"event_name":"Accursed Blacksmith","floor":22,"gold_loss":0,"cards_upgraded":["Berserk"]},{"damage_healed":0,"gold_gain":0,"player_choice":"Ignored","damage_taken":0,"max_hp_gain":0,"max_hp_loss":0,"event_name":"Tomb of Lord Red Mask","floor":37,"gold_loss":0},{"damage_healed":0,"gold_gain":0,"player_choice":"Fight","damage_taken":0,"max_hp_gain":0,"max_hp_loss":0,"event_name":"MindBloom","floor":39,"gold_loss":0},{"damage_healed":0,"gold_gain":0,"player_choice":"Ignored","damage_taken":0,"max_hp_gain":0,"max_hp_loss":0,"event_name":"Mysterious Sphere","floor":41,"gold_loss":0},{"cards_removed":["Strike_R"],"damage_healed":0,"gold_gain":0,"player_choice":"Upgrade and Remove","damage_taken":0,"max_hp_gain":0,"max_hp_loss":0,"event_name":"Designer","floor":45,"gold_loss":110,"cards_upgraded":["Pommel Strike"]}],"is_beta":false,"boss_relics":[{"not_picked":["Runic Cube","Runic Pyramid"],"picked":"Sozu"},{"not_picked":["Mark of Pain","Black Star"],"picked":"SlaversCollar"}],"items_purged_floors":[38],"is_endless":false,"potions_floor_spawned":[1,2,21,25,27,29,35,39,46],"ascension_level":17}