{"gold_per_floor":[218,237,237,187,187,187,207,207,232,232,232,251,272,62,62,190,190,208,62,82,103,103,137,137,178,205,231,249,149,189,42,42,163,163,186,204,218,218,242,242,179,199,199,199,223,237,237],"floor_reached":47,"playtime":1585,"items_purged":["Strike_R","Strike_R","Defend_R"],"score":557,"play_id":"aff5b54e-829d-4917-9dad-871fe8d28619","local_time":"20230910010557","is_ascension_mode":false,"campfire_choices":[{"data":"Body Slam","floor":6.0,"key":"SMITH"},{"data":"Defend_R","floor":8.0,"key":"SMITH"},{"data":"Defend_R","floor":10.0,"key":"SMITH"},{"data":"Barricade","floor":15.0,"key":"SMITH"},{"floor":24.0,"key":"REST"},{"floor":32.0,"key":"REST"},{"floor":44.0,"key":"REST"}],"neow_cost":"NONE","seed_source_timestamp":560373300800,"circlet_count":0,"master_deck":["Defend_R+1","Defend_R+1","Defend_R+1","Bash+1","Body Slam+1","Barricade+1"],"special_seed":0,"relics":["Burning Blood","Golden Idol","Bag of Marbles","Fusion Hammer","Oddly Smooth Stone","FossilizedHelix","Gremlin Horn","Tiny Chest","Centennial Puzzle","Red Mask","Membership Card","Empty Cage","Ornamental Fan","Frozen Egg 2"],"potions_floor_usage":[47,47],"damage_taken":[{"damage":0.0,"enemies":"Small Slimes","floor":1.0,"turns":3.0},{"damage":5.0,"enemies":"2 Louse","floor":2.0,"turns":3.0},{"damage":0.0,"enemies":"Cultist","floor":7.0,"turns":3.0},{"damage":12.0,"enemies":"Blue Slaver","floor":12.0,"turns":4.0},{"damage":16.0,"enemies":"Exordium Thugs","floor":13.0,"turns":5.0},{"damage":10.0,"enemies":"Hexaghost","floor":16.0,"turns":8.0},{"damage":7.0,"enemies":"Shell Parasite","floor":18.0,"turns":4.0},{"damage":0.0,"enemies":"Chosen","floor":20.0,"turns":4.0},{"damage":6.0,"enemies":"Snake Plant","floor":21.0,"turns":5.0},{"damage":75.0,"enemies":"Book of Stabbing","floor":23.0,"turns":8.0},{"damage":0.0,"enemies":"Gremlin Leader","floor":25.0,"turns":10.0},{"damage":0.0,"enemies":"Cultist and Chosen","floor":28.0,"turns":7.0},{"damage":4.0,"enemies":"Masked Bandits","floor":30.0,"turns":6.0},{"damage":0.0,"enemies":"Automaton","floor":33.0,"turns":11.0},{"damage":0.0,"enemies":"3 Shapes","floor":35.0,"turns":5.0},{"damage":0.0,"enemies":"Orb Walker","floor":36.0,"turns":3.0},{"damage":0.0,"enemies":"Maw","floor":37.0,"turns":7.0},{"damage":5.0,"enemies":"4 Shapes","floor":39.0,"turns":8.0},{"damage":0.0,"enemies":"3 Darklings","floor":42.0,"turns":6.0},{"damage":0,"enemies":"Writhing Mass","floor":45,"turns":7},{"damage":0,"enemies":"Maw","floor":46,"turns":7},{"damage":76,"enemies":"Nemesis","floor":47,"turns":12}],"seed_played":"-7660340656905035785","potions_obtained":[{"floor":7.0,"key":"Energy Potion"},{"floor":12.0,"key":"BlessingOfTheForge"},{"floor":18.0,"key":"Ancient Potion"},{"floor":30.0,"key":"Block Potion"},{"floor":37.0,"key":"PowerPotion"}],"is_trial":false,"path_per_floor":["M","M","?","?","?","R","M","R","T","R","?","M","M","$","R","B",null,"M","$","M","M","?","E","R","E","T","T","M","$","?","$","R","B",null,"M","M","M","T","M","?","$","M","T","R","M","M","E"],"character_chosen":"IRONCLAD","items_purchased":["Barricade","Oddly Smooth Stone","Membership Card"],"campfire_rested":3,"item_purchase_floors":[14,19,31],"current_hp_per_floor":[80,80,64,64,44,44,50,50,50,50,50,44,34,34,34,30,80,79,79,80,80,80,11,35,41,41,41,47,47,49,49,73,79,80,80,80,80,80,80,76,76,76,76,76,76,76,0],"gold":237,"neow_bonus":"HUNDRED_GOLD","is_prod":false,"is_daily":false,"chose_seed":false,"campfire_upgraded":4,"win_rate":0,"timestamp":1694333157,"path_taken":["M","M","?","?","?","R","M","R","T","R","?","?","M","$","R","BOSS","M","$","M","M","?","E","R","E","T","?","M","$","?","?","R","BOSS","M","M","M","?","M","?","$","M","T","R","M","M","E"],"build_version":"2022-12-18","purchased_purges":3,"victory":false,"max_hp_per_floor":[80,80,80,80,80,80,80,80,80,80,80,80,80,80,80,80,80,80,80,80,80,80,80,80,80,80,80,80,80,80,80,80,80,80,80,80,80,80,80,76,76,76,76,76,76,76,76],"card_choices":[{"not_picked":["Thunderclap","Bloodletting","Flame Barrier"],"picked":"SKIP","floor":1.0},{"not_picked":["Wild Strike","Carnage"],"picked":"Body Slam","floor":2.0},{"not_picked":["Clothesline","Wild Strike","Armaments"],"picked":"SKIP","floor":7.0},{"not_picked":["Power Through","Perfected Strike","Sword Boomerang"],"picked":"SKIP","floor":12.0},{"not_picked":["Anger","Blood for Blood","Headbutt"],"picked":"SKIP","floor":13.0},{"not_picked":["Burning Pact+1","Heavy Blade","Power Through"],"picked":"SKIP","floor":18.0},{"not_picked":["Clash","Seeing Red","Warcry+1"],"picked":"SKIP","floor":20.0},{"not_picked":["Twin Strike","Ghostly Armor+1","Cleave"],"picked":"SKIP","floor":21.0},{"not_picked":["Carnage","Clothesline","Twin Strike"],"picked":"SKIP","floor":23.0},{"not_picked":["Flame Barrier","Rupture","Berserk"],"picked":"SKIP","floor":25.0},{"not_picked":["Feel No Pain","Thunderclap","Combust"],"picked":"SKIP","floor":28.0},{"not_picked":["Pommel Strike","Carnage+1","Body Slam+1"],"picked":"SKIP","floor":35.0},{"not_picked":["Rupture","Battle Trance+1","Sever Soul"],"picked":"SKIP","floor":36.0},{"not_picked":["Cleave","Second Wind+1","Bloodletting"],"picked":"SKIP","floor":37.0},{"not_picked":["Body Slam","Sword Boomerang+1","Pummel"],"picked":"SKIP","floor":39.0},{"not_picked":["Power Through+1","Whirlwind","Corruption"],"picked":"SKIP","floor":42.0},{"not_picked":["Rupture+1","Iron Wave","Fire Breathing+1"],"picked":"SKIP","floor":45},{"not_picked":["Sword Boomerang","Inflame+1","Combust+1"],"picked":"SKIP","floor":46}],"player_experience":531725,"relics_obtained":[{"floor":9.0,"key":"Bag of Marbles"},{"floor":23.0,"key":"FossilizedHelix"},{"floor":25.0,"key":"Gremlin Horn"},{"floor":26.0,"key":"Tiny Chest"},{"floor":27.0,"key":"Centennial Puzzle"},{"floor":30.0,"key":"Red Mask"},{"floor":38.0,"key":"Ornamental Fan"},{"floor":43.0,"key":"Frozen Egg 2"}],"event_choices":[{"damage_healed":0.0,"max_hp_gain":0.0,"max_hp_loss":0.0,"gold_gain":0.0,"event_name":"Shining Light","player_choice":"Entered Light","floor":3.0,"gold_loss":0.0,"damage_taken":16.0,"cards_upgraded":["Defend_R","Bash"]},{"cards_removed":["Strike_R"],"damage_healed":0.0,"max_hp_gain":0.0,"max_hp_loss":0.0,"gold_gain":0.0,"event_name":"The Cleric","player_choice":"Card Removal","floor":4.0,"gold_loss":50.0,"damage_taken":0.0},{"damage_healed":0.0,"max_hp_gain":0.0,"max_hp_loss":0.0,"gold_gain":0.0,"event_name":"Golden Idol","player_choice":"Take Damage","floor":5.0,"gold_loss":0.0,"damage_taken":20.0,"relics_obtained":["Golden Idol"]},{"damage_healed":0.0,"max_hp_gain":0.0,"max_hp_loss":0.0,"gold_gain":0.0,"event_name":"NoteForYourself","player_choice":"Ignored","floor":11.0,"gold_loss":0.0,"damage_taken":0.0},{"damage_healed":0.0,"max_hp_gain":0.0,"max_hp_loss":0.0,"gold_gain":0.0,"event_name":"Ghosts","player_choice":"Ignored","floor":22.0,"gold_loss":0.0,"damage_taken":0.0},{"damage_healed":0.0,"max_hp_gain":0.0,"max_hp_loss":0.0,"gold_gain":0.0,"event_name":"Masked Bandits","player_choice":"Fought Bandits","floor":30.0,"gold_loss":0.0,"damage_taken":0.0},{"damage_healed":0.0,"max_hp_gain":0.0,"max_hp_loss":4.0,"gold_gain":0.0,"event_name":"Winding Halls","player_choice":"Max HP","floor":40.0,"gold_loss":0.0,"damage_taken":0.0}],"is_beta":false,"boss_relics":[{"not_picked":["Runic Pyramid","Ectoplasm"],"picked":"Fusion Hammer"},{"not_picked":["SlaversCollar","Calling Bell"],"picked":"Empty Cage"}],"items_purged_floors":[14,29,41],"is_endless":false,"potions_floor_spawned":[7,12,18,30,37,42],"killed_by":"Nemesis","ascension_level":0}