{"gold_per_floor":[138,171,223,223,256,256,316,421,445,503,608,686,698,737,749,866,878,935,947,874,587,628,628,664,763,763,485,565,583,583,608,608,710,710,720,720,755,796,836,836,836,333,381,4,4,64,99,115,115,115],"floor_reached":51,"playtime":2680,"items_purged":["Strike_R","Strike_R","Strike_R","Strike_R"],"score":877,"play_id":"6b413b95-5ae1-4187-9928-33db6068e18c","local_time":"20230910135919","is_ascension_mode":true,"campfire_choices":[{"data":"HandOfGreed","floor":6,"key":"SMITH"},{"data":"Body Slam","floor":15,"key":"SMITH"},{"data":"Bash","floor":23,"key":"SMITH"},{"data":"Entrench","floor":30,"key":"SMITH"},{"data":"Disarm","floor":32,"key":"SMITH"},{"data":"Entrench","floor":40,"key":"SMITH"},{"data":"Barricade","floor":45,"key":"SMITH"},{"data":"Ghostly Armor","floor":49,"key":"SMITH"}],"neow_cost":"TEN_PERCENT_HP_LOSS","seed_source_timestamp":45892111682200,"circlet_count":0,"master_deck":["Strike_R+1","Defend_R","Defend_R","Defend_R+1","Defend_R","Bash+1","HandOfGreed+1","Disarm+1","Headbutt+1","Entrench+1","Ghostly Armor","Warcry","Flame Barrier+1","Body Slam+1","Impervious","Intimidate","Ghostly Armor+1","Entrench+1","Warcry+1","Metallicize","Offering","Armaments+1","Barricade+1","Battle Trance+1","Juggernaut","Shrug It Off+1"],"relics":["Burning Blood","Happy Flower","Centennial Puzzle","MawBank","Pen Nib","Coffee Dripper","Omamori","Membership Card","War Paint","Art of War","Sling","Vajra","Bronze Scales","Whetstone","Shovel","Velvet Choker","Question Card","Toolbox","Dead Branch","Red Skull","Gambling Chip","Lee\u0027s Waffle","Lantern","Smiling Mask"],"potions_floor_usage":[8,8,8,8,14,14,16,33,50,50,50],"damage_taken":[{"damage":4,"enemies":"Jaw Worm","floor":1,"turns":4},{"damage":7,"enemies":"Cultist","floor":2,"turns":4},{"damage":0,"enemies":"2 Louse","floor":3,"turns":3},{"damage":38,"enemies":"Large Slime","floor":5,"turns":7},{"damage":11,"enemies":"2 Fungi Beasts","floor":7,"turns":5},{"damage":3,"enemies":"3 Sentries","floor":8,"turns":10},{"damage":27,"enemies":"Lagavulin","floor":10,"turns":6},{"damage":2,"enemies":"3 Louse","floor":11,"turns":7},{"damage":1,"enemies":"Exordium Wildlife","floor":12,"turns":3},{"damage":28,"enemies":"Gremlin Nob","floor":14,"turns":5},{"damage":0,"enemies":"Hexaghost","floor":16,"turns":22},{"damage":3,"enemies":"Shell Parasite","floor":18,"turns":5},{"damage":2,"enemies":"Chosen","floor":22,"turns":5},{"damage":14,"enemies":"3 Cultists","floor":24,"turns":8},{"damage":9,"enemies":"Slavers","floor":28,"turns":10},{"damage":0,"enemies":"Snake Plant","floor":29,"turns":3},{"damage":19,"enemies":"Book of Stabbing","floor":31,"turns":5},{"damage":49,"enemies":"Automaton","floor":33,"turns":12},{"damage":6,"enemies":"3 Darklings","floor":35,"turns":4},{"damage":0,"enemies":"Orb Walker","floor":37,"turns":5},{"damage":16,"enemies":"4 Shapes","floor":38,"turns":6},{"damage":7,"enemies":"Jaw Worm Horde","floor":39,"turns":6},{"damage":31,"enemies":"Nemesis","floor":46,"turns":11},{"damage":6,"enemies":"3 Darklings","floor":47,"turns":6},{"damage":6,"enemies":"Writhing Mass","floor":48,"turns":4},{"damage":10,"enemies":"Donu and Deca","floor":50,"turns":8}],"seed_played":"3927512098031266592","potions_obtained":[{"floor":2,"key":"Regen Potion"},{"floor":4,"key":"HeartOfIron"},{"floor":4,"key":"EntropicBrew"},{"floor":10,"key":"SteroidPotion"},{"floor":14,"key":"BlessingOfTheForge"},{"floor":18,"key":"BlessingOfTheForge"},{"floor":29,"key":"DistilledChaos"},{"floor":33,"key":"EntropicBrew"},{"floor":46,"key":"SmokeBomb"}],"is_trial":false,"path_per_floor":["M","M","M","?","M","R","M","E","T","E","M","M","?","E","R","B",null,"M","?","?","$","M","R","M","?","T","$","E","M","R","E","R","B",null,"M","?","M","M","M","R","?","$","T","$","R","E","M","M","R","B",null],"character_chosen":"IRONCLAD","items_purchased":["Membership Card","War Paint","Ghostly Armor","Sling","Vajra","Bronze Scales","Barricade","Question Card","Toolbox","Dexterity Potion","Dead Branch","Gambling Chip","Lee\u0027s Waffle","Lantern"],"campfire_rested":0,"item_purchase_floors":[21,21,21,27,27,27,42,42,42,42,42,44,44,44],"current_hp_per_floor":[72,71,72,72,40,40,35,53,53,32,36,41,46,36,36,42,77,77,77,77,77,77,77,69,69,69,69,66,72,72,59,59,16,77,77,77,77,67,66,66,66,66,66,84,84,59,59,59,59,55],"gold":115,"neow_bonus":"RANDOM_COLORLESS_2","is_prod":false,"is_daily":false,"chose_seed":false,"campfire_upgraded":8,"win_rate":0,"timestamp":1694379559,"path_taken":["M","M","M","?","M","R","?","E","T","E","M","M","?","E","R","BOSS","M","?","?","$","M","R","M","?","T","$","E","?","R","E","R","BOSS","M","?","M","M","M","R","?","$","T","$","R","E","M","M","R","BOSS"],"build_version":"2022-12-18","purchased_purges":4,"victory":true,"max_hp_per_floor":[72,72,72,72,72,72,72,72,72,72,72,72,77,77,77,77,77,77,77,77,77,77,77,77,77,77,77,77,77,77,77,77,77,77,77,77,77,77,77,77,77,77,77,84,84,84,84,84,84,84],"card_choices":[{"not_picked":["Sadistic Nature","The Bomb"],"picked":"HandOfGreed","floor":0},{"not_picked":["Sword Boomerang","Reckless Charge"],"picked":"Disarm","floor":1},{"not_picked":["Power Through","Perfected Strike"],"picked":"Headbutt","floor":2},{"not_picked":["Infernal Blade","Flex"],"picked":"Entrench","floor":3},{"not_picked":["Armaments","Pummel","Headbutt"],"picked":"SKIP","floor":5},{"not_picked":["Headbutt","Pummel","Clothesline"],"picked":"SKIP","floor":7},{"not_picked":["Bludgeon","Immolate"],"picked":"Ghostly Armor","floor":8},{"not_picked":["Clothesline","Headbutt","Blood for Blood"],"picked":"SKIP","floor":10},{"not_picked":["Anger","True Grit"],"picked":"Warcry","floor":11},{"not_picked":["Sword Boomerang","Dropkick"],"picked":"Flame Barrier","floor":12},{"not_picked":["Headbutt","Feed"],"picked":"Body Slam","floor":14},{"not_picked":["Juggernaut","Double Tap"],"picked":"Impervious","floor":16},{"not_picked":["Rupture","Sever Soul+1"],"picked":"Intimidate","floor":18},{"not_picked":["Clash","Carnage+1"],"picked":"Entrench","floor":22},{"not_picked":["Flex","Dual Wield+1","Reckless Charge"],"picked":"SKIP","floor":24},{"not_picked":["Shockwave","Dropkick"],"picked":"Warcry+1","floor":28},{"not_picked":["Anger","Clash+1"],"picked":"Metallicize","floor":29},{"not_picked":["Clothesline","Twin Strike","Perfected Strike"],"picked":"SKIP","floor":31},{"not_picked":["Double Tap","Corruption"],"picked":"Offering","floor":33},{"not_picked":["Wild Strike","Second Wind+1","Flex"],"picked":"SKIP","floor":35},{"not_picked":["Perfected Strike","Entrench+1"],"picked":"Armaments+1","floor":37},{"not_picked":["Flex","Warcry","Pommel Strike"],"picked":"SKIP","floor":38},{"not_picked":["Sword Boomerang","Pommel Strike+1","Iron Wave"],"picked":"SKIP","floor":39},{"not_picked":["Feel No Pain","Flex+1","Heavy Blade+1"],"picked":"Battle Trance+1","floor":46},{"not_picked":["Clash+1","Reckless Charge","Inflame+1"],"picked":"Juggernaut","floor":47},{"not_picked":["Perfected Strike","True Grit+1","Twin Strike"],"picked":"Shrug It Off+1","floor":48}],"player_experience":535774,"relics_obtained":[{"floor":8,"key":"Happy Flower"},{"floor":9,"key":"Centennial Puzzle"},{"floor":10,"key":"MawBank"},{"floor":14,"key":"Pen Nib"},{"floor":26,"key":"Art of War"},{"floor":28,"key":"Whetstone"},{"floor":31,"key":"Shovel"},{"floor":43,"key":"Red Skull"},{"floor":46,"key":"Smiling Mask"}],"event_choices":[{"damage_healed":0,"gold_gain":0,"player_choice":"Got Potions","damage_taken":0,"max_hp_gain":0,"max_hp_loss":0,"event_name":"Lab","floor":4,"gold_loss":0},{"damage_healed":0,"gold_gain":0,"player_choice":"Donut","damage_taken":0,"max_hp_gain":5,"max_hp_loss":0,"event_name":"Big Fish","floor":13,"gold_loss":0},{"damage_healed":0,"gold_gain":0,"player_choice":"Ignored","damage_taken":0,"max_hp_gain":0,"max_hp_loss":0,"event_name":"Cursed Tome","floor":19,"gold_loss":0},{"damage_healed":0,"gold_gain":0,"player_choice":"Obtained Relic","damage_taken":0,"relics_obtained":["Omamori"],"max_hp_gain":0,"max_hp_loss":0,"event_name":"Addict","floor":20,"gold_loss":85},{"damage_healed":0,"gold_gain":99,"player_choice":"Stole From Cult","damage_taken":0,"max_hp_gain":0,"max_hp_loss":0,"event_name":"Nest","floor":25,"gold_loss":0},{"damage_healed":0,"gold_gain":0,"player_choice":"Ignored","damage_taken":0,"max_hp_gain":0,"max_hp_loss":0,"event_name":"Tomb of Lord Red Mask","floor":36,"gold_loss":0},{"damage_healed":0,"gold_gain":0,"player_choice":"Memory 1","damage_taken":0,"max_hp_gain":0,"max_hp_loss":0,"event_name":"SensoryStone","floor":41,"gold_loss":0}],"is_beta":false,"boss_relics":[{"not_picked":["Fusion Hammer","Runic Dome"],"picked":"Coffee Dripper"},{"not_picked":["Astrolabe","Busted Crown"],"picked":"Velvet Choker"}],"items_purged_floors":[21,27,42,44],"is_endless":false,"potions_floor_spawned":[2,10,12,14,18,29,33,38,39,46],"ascension_level":1}