{"gold_per_floor":[20,38,58,75,150,180,180,208,231,231,256,50,50,65,65,166,166,176,176,176,276,295,295,327,327,351,351,367,383,58,92,92,199,199,212,240,55,55,3,3,41,55,79,79,106,106,67,83,83,83,83,83,12,46,46],"floor_reached":56,"playtime":2863,"items_purged":["Strike_R","Strike_R","Strike_R"],"score":1827,"play_id":"cb5a1573-eb0e-404e-becb-a2d019fb9b66","local_time":"20230923053109","is_ascension_mode":true,"campfire_choices":[{"data":"Apotheosis","floor":7,"key":"SMITH"},{"data":"Inflame","floor":10,"key":"SMITH"},{"floor":15,"key":"REST"},{"floor":23,"key":"DIG"},{"floor":25,"key":"DIG"},{"floor":27,"key":"DIG"},{"floor":32,"key":"DIG"},{"data":"Dark Embrace","floor":40,"key":"SMITH"},{"floor":46,"key":"DIG"},{"floor":49,"key":"RECALL"},{"floor":52,"key":"DIG"}],"neow_cost":"NO_GOLD","seed_source_timestamp":524882992425199,"circlet_count":0,"master_deck":["Strike_R","Strike_R","Defend_R","Defend_R+1","Defend_R","Defend_R","Bash","Apotheosis+1","Flame Barrier","Bloodletting","Twin Strike","Shrug It Off","Inflame+1","Sword Boomerang","Dark Embrace+1","Cleave+1","Impervious","Ghostly Armor+1","True Grit","Uppercut+1","Shrug It Off","Flame Barrier","Pommel Strike+1","Reaper+1","Feed+1","Corruption+1","Bloodletting","True Grit","Body Slam+1","Feel No Pain","Sword Boomerang+1"],"relics":["Burning Blood","Shovel","PreservedInsect","Centennial Puzzle","Nunchaku","Juzu Bracelet","Coffee Dripper","Enchiridion","Molten Egg 2","Blue Candle","Orichalcum","Akabeko","Anchor","Lantern","CeramicFish","Snecko Eye","Happy Flower","Gremlin Horn","Red Skull","War Paint","Mercury Hourglass","Whetstone"],"potions_floor_usage":[6,29,31,33,33,55,55,55],"damage_taken":[{"damage":4,"enemies":"Jaw Worm","floor":1,"turns":3},{"damage":0,"enemies":"Small Slimes","floor":2,"turns":3},{"damage":2,"enemies":"2 Louse","floor":3,"turns":3},{"damage":29,"enemies":"Lots of Slimes","floor":4,"turns":5},{"damage":12,"enemies":"Gremlin Nob","floor":6,"turns":4},{"damage":11,"enemies":"Lagavulin","floor":8,"turns":5},{"damage":13,"enemies":"3 Sentries","floor":11,"turns":5},{"damage":0,"enemies":"Large Slime","floor":14,"turns":5},{"damage":3,"enemies":"Slime Boss","floor":16,"turns":7},{"damage":3,"enemies":"Shell Parasite","floor":18,"turns":3},{"damage":10,"enemies":"2 Thieves","floor":22,"turns":5},{"damage":3,"enemies":"Gremlin Leader","floor":24,"turns":6},{"damage":8,"enemies":"Snecko","floor":28,"turns":4},{"damage":0,"enemies":"Centurion and Healer","floor":29,"turns":5},{"damage":20,"enemies":"Book of Stabbing","floor":31,"turns":4},{"damage":77,"enemies":"Collector","floor":33,"turns":11},{"damage":2,"enemies":"Orb Walker","floor":35,"turns":2},{"damage":6,"enemies":"3 Darklings","floor":36,"turns":2},{"damage":9,"enemies":"Giant Head","floor":41,"turns":3},{"damage":22,"enemies":"Writhing Mass","floor":42,"turns":4},{"damage":3,"enemies":"Nemesis","floor":45,"turns":3},{"damage":3,"enemies":"Spire Growth","floor":48,"turns":4},{"damage":9,"enemies":"Awakened One","floor":50,"turns":6},{"damage":21,"enemies":"Shield and Spear","floor":54,"turns":3},{"damage":50,"enemies":"The Heart","floor":55,"turns":5}],"seed_played":"1936125853167804139","potions_obtained":[{"floor":2,"key":"CultistPotion"},{"floor":4,"key":"Swift Potion"},{"floor":11,"key":"SteroidPotion"},{"floor":22,"key":"Strength Potion"},{"floor":24,"key":"BloodPotion"},{"floor":29,"key":"BloodPotion"},{"floor":31,"key":"Dexterity Potion"},{"floor":35,"key":"DuplicationPotion"},{"floor":36,"key":"LiquidMemories"}],"is_trial":false,"path_per_floor":["M","M","M","M","?","E","R","E","T","R","E","$","?","M","R","B",null,"M","?","?","?","M","R","E","R","T","R","M","M","$","E","R","B",null,"M","M","$","?","?","R","E","M","T","?","E","R","$","M","R","B",null,"R","$","E","B",null],"character_chosen":"IRONCLAD","items_purchased":["Sword Boomerang","Dark Embrace","Reaper+1","Feed+1","Rupture","Body Slam+1","Feel No Pain"],"campfire_rested":1,"item_purchase_floors":[12,12,30,30,37,47,53],"current_hp_per_floor":[74,80,80,57,46,40,40,35,35,35,28,28,10,16,40,43,71,74,74,58,58,54,54,57,57,57,57,55,77,77,83,83,27,73,82,86,86,86,86,86,83,71,71,71,74,74,74,91,91,104,104,104,104,103,90],"gold":46,"neow_bonus":"RANDOM_COLORLESS_2","is_prod":false,"is_daily":false,"chose_seed":false,"campfire_upgraded":3,"win_rate":0,"timestamp":1695472269,"path_taken":["M","M","M","M","?","E","R","E","T","R","E","$","?","M","R","BOSS","M","?","?","?","M","R","E","R","T","R","M","M","$","E","R","BOSS","M","M","?","?","?","R","E","M","T","?","E","R","$","M","R","BOSS","R","$","E","BOSS"],"build_version":"2022-12-18","purchased_purges":3,"victory":true,"max_hp_per_floor":[80,80,80,80,80,80,80,80,80,80,80,80,80,80,80,80,80,80,80,80,80,80,80,80,80,80,80,80,80,80,84,84,88,88,88,92,92,92,92,92,92,96,96,96,96,96,96,100,100,104,104,104,104,108,112],"card_choices":[{"not_picked":["Violence","Transmutation"],"picked":"Apotheosis","floor":0},{"not_picked":["Wild Strike","Sentinel"],"picked":"Flame Barrier","floor":1},{"not_picked":["Evolve","Feel No Pain","Clothesline"],"picked":"SKIP","floor":2},{"not_picked":["Wild Strike","Iron Wave"],"picked":"Bloodletting","floor":3},{"not_picked":["Seeing Red","Perfected Strike"],"picked":"Twin Strike","floor":4},{"not_picked":["Sword Boomerang","Thunderclap"],"picked":"Shrug It Off","floor":6},{"not_picked":["Reckless Charge","Wild Strike"],"picked":"Inflame","floor":8},{"not_picked":["Body Slam","Clothesline","Fiend Fire"],"picked":"SKIP","floor":11},{"not_picked":["Anger","Thunderclap","Cleave"],"picked":"SKIP","floor":14},{"not_picked":["Anger","Thunderclap"],"picked":"Cleave","floor":14},{"not_picked":["Exhume","Berserk"],"picked":"Impervious","floor":16},{"not_picked":["Sentinel+1","Twin Strike"],"picked":"Ghostly Armor","floor":18},{"not_picked":["Clash","Havoc"],"picked":"Uppercut","floor":22},{"not_picked":["Warcry","Sword Boomerang+1"],"picked":"Shrug It Off","floor":24},{"not_picked":["Iron Wave+1","Twin Strike+1"],"picked":"Flame Barrier","floor":28},{"not_picked":["Perfected Strike+1","Armaments"],"picked":"Pommel Strike+1","floor":29},{"not_picked":["Thunderclap+1","Clothesline+1","Searing Blow+1"],"picked":"SKIP","floor":31},{"not_picked":["Reaper+1","Impervious"],"picked":"Corruption","floor":33},{"not_picked":["Havoc","Whirlwind+1","Twin Strike+1"],"picked":"SKIP","floor":35},{"not_picked":["Perfected Strike+1","Rampage+1"],"picked":"Bloodletting","floor":36},{"not_picked":["Intimidate","Searing Blow+1"],"picked":"True Grit","floor":41},{"not_picked":["Dropkick+1","Armaments+1","Perfected Strike+1"],"picked":"SKIP","floor":42},{"not_picked":["Dark Embrace","True Grit","Power Through+1"],"picked":"SKIP","floor":45},{"not_picked":["Combust","Evolve+1","Feed+1"],"picked":"SKIP","floor":48},{"not_picked":["Headbutt+1","Dark Embrace"],"picked":"Sword Boomerang+1","floor":54}],"player_experience":711408,"relics_obtained":[{"floor":6,"key":"Shovel"},{"floor":8,"key":"PreservedInsect"},{"floor":9,"key":"Centennial Puzzle"},{"floor":11,"key":"Nunchaku"},{"floor":20,"key":"Enchiridion"},{"floor":23,"key":"Molten Egg 2"},{"floor":24,"key":"Blue Candle"},{"floor":25,"key":"Orichalcum"},{"floor":26,"key":"Akabeko"},{"floor":27,"key":"Anchor"},{"floor":31,"key":"Lantern"},{"floor":32,"key":"CeramicFish"},{"floor":41,"key":"Gremlin Horn"},{"floor":45,"key":"Red Skull"},{"floor":46,"key":"War Paint"},{"floor":52,"key":"Mercury Hourglass"},{"floor":54,"key":"Whetstone"}],"event_choices":[{"damage_healed":0,"gold_gain":75,"player_choice":"Gather Gold","damage_taken":11,"max_hp_gain":0,"max_hp_loss":0,"event_name":"World of Goop","floor":5,"gold_loss":0},{"damage_healed":0,"gold_gain":0,"player_choice":"Success","damage_taken":18,"relics_obtained":["Juzu Bracelet"],"max_hp_gain":0,"max_hp_loss":0,"event_name":"Scrap Ooze","floor":13,"gold_loss":0},{"damage_healed":0,"gold_gain":0,"player_choice":"Read","damage_taken":0,"max_hp_gain":0,"max_hp_loss":0,"event_name":"The Library","floor":19,"gold_loss":0,"cards_obtained":["True Grit"]},{"damage_healed":0,"gold_gain":0,"player_choice":"Obtained Book","damage_taken":16,"max_hp_gain":0,"max_hp_loss":0,"event_name":"Cursed Tome","floor":20,"gold_loss":0},{"damage_healed":0,"gold_gain":100,"player_choice":"Pray","damage_taken":0,"max_hp_gain":0,"max_hp_loss":0,"event_name":"Golden Shrine","floor":21,"gold_loss":0},{"cards_removed":["Rupture"],"damage_healed":0,"gold_gain":0,"player_choice":"Removed Power","damage_taken":0,"max_hp_gain":0,"max_hp_loss":0,"event_name":"Falling","floor":38,"gold_loss":0},{"damage_healed":0,"gold_gain":0,"player_choice":"Paid Gold","damage_taken":0,"relics_obtained":["Happy Flower"],"max_hp_gain":0,"max_hp_loss":0,"event_name":"WeMeetAgain","floor":39,"gold_loss":52},{"damage_healed":0,"gold_gain":0,"player_choice":"Forge","damage_taken":0,"max_hp_gain":0,"max_hp_loss":0,"event_name":"Accursed Blacksmith","floor":44,"gold_loss":0,"cards_upgraded":["Corruption"]}],"is_beta":false,"boss_relics":[{"not_picked":["SacredBark","Runic Pyramid"],"picked":"Coffee Dripper"},{"not_picked":["Tiny House","Black Blood"],"picked":"Snecko Eye"}],"items_purged_floors":[12,30,37],"is_endless":false,"potions_floor_spawned":[2,4,11,22,24,29,31,35,36],"ascension_level":6}