{"gold_per_floor":[112,124,139,155,230,230,265,265,347,347,367,367],"floor_reached":12,"playtime":410,"items_purged":[],"score":124,"play_id":"d8b0c120-48ef-4ac2-b84e-df963f5bb686","local_time":"20231006194530","is_ascension_mode":true,"campfire_choices":[{"data":"Whirlwind","floor":6,"key":"SMITH"},{"data":"Dark Embrace","floor":8,"key":"SMITH"},{"data":"Twin Strike","floor":10,"key":"SMITH"}],"neow_cost":"TEN_PERCENT_HP_LOSS","seed_source_timestamp":1701858499804700,"circlet_count":0,"master_deck":["AscendersBane","Strike_R","Strike_R","Strike_R","Strike_R","Strike_R","Defend_R","Defend_R","Defend_R","Defend_R","Bash","Violence","Whirlwind+1","Sword Boomerang","Dark Embrace+1","Shockwave","Twin Strike+1","Armaments"],"relics":["Burning Blood","Ice Cream","Pantograph"],"potions_floor_usage":[4,7],"damage_taken":[{"damage":4,"enemies":"2 Louse","floor":1,"turns":3},{"damage":4,"enemies":"Jaw Worm","floor":2,"turns":4},{"damage":1,"enemies":"Cultist","floor":3,"turns":3},{"damage":11,"enemies":"Exordium Thugs","floor":4,"turns":4},{"damage":39,"enemies":"Lagavulin","floor":7,"turns":10},{"damage":6,"enemies":"2 Fungi Beasts","floor":11,"turns":3},{"damage":30,"enemies":"3 Sentries","floor":12,"turns":3}],"seed_played":"6088789982316377626","potions_obtained":[{"floor":1,"key":"SteroidPotion"},{"floor":2,"key":"EssenceOfSteel"}],"is_trial":false,"path_per_floor":["M","M","M","M","?","R","E","R","T","R","M","E"],"character_chosen":"IRONCLAD","items_purchased":[],"campfire_rested":0,"item_purchase_floors":[],"current_hp_per_floor":[72,72,72,67,56,56,23,23,23,23,23,0],"gold":367,"neow_bonus":"RANDOM_COLORLESS_2","is_prod":false,"is_daily":false,"chose_seed":false,"campfire_upgraded":3,"win_rate":0,"timestamp":1696646730,"path_taken":["M","M","M","M","?","R","E","R","T","R","M","E"],"build_version":"2022-12-18","purchased_purges":0,"victory":false,"max_hp_per_floor":[72,72,72,72,72,72,72,72,72,72,72,72],"card_choices":[{"not_picked":["Metamorphosis","Panache"],"picked":"Violence","floor":0},{"not_picked":["Thunderclap","Rage"],"picked":"Whirlwind","floor":1},{"not_picked":["True Grit","Perfected Strike"],"picked":"Sword Boomerang","floor":2},{"not_picked":["Infernal Blade","Body Slam"],"picked":"Dark Embrace","floor":3},{"not_picked":["Searing Blow","Wild Strike"],"picked":"Shockwave","floor":4},{"not_picked":["Thunderclap","Combust"],"picked":"Twin Strike","floor":7},{"not_picked":["Reckless Charge","Burning Pact"],"picked":"Armaments","floor":11}],"player_experience":817252,"relics_obtained":[{"floor":7,"key":"Ice Cream"},{"floor":9,"key":"Pantograph"}],"event_choices":[{"damage_healed":0,"gold_gain":75,"player_choice":"Gather Gold","damage_taken":11,"max_hp_gain":0,"max_hp_loss":0,"event_name":"World of Goop","floor":5,"gold_loss":0}],"is_beta":false,"boss_relics":[],"items_purged_floors":[],"is_endless":false,"potions_floor_spawned":[1,2],"killed_by":"3 Sentries","ascension_level":11}