{"gold_per_floor":[112,127,142,142,17,45,45,79,131,131,131,146,182,261,261,387,387,405,405,430,129,148,188,188,188,188,41,41,79,504,547,547,670,670,690,753,774,368,368,399,399,422,422,422,465,465,484,484,484,484,484,484,101,137,137],"floor_reached":56,"playtime":2607,"items_purged":["Defend_R","Iron Wave","Bash","Anger"],"score":1856,"play_id":"afecc591-fe62-45cd-9054-30bfc55e34e6","local_time":"20231011084440","is_ascension_mode":true,"campfire_choices":[{"data":"Cleave","floor":7,"key":"SMITH"},{"data":"Shockwave","floor":10,"key":"SMITH"},{"data":"True Grit","floor":15,"key":"SMITH"},{"data":"Dark Embrace","floor":24,"key":"SMITH"},{"data":"J.A.X.","floor":28,"key":"SMITH"},{"floor":32,"key":"REST"},{"data":"Battle Trance","floor":41,"key":"SMITH"},{"data":"Armaments","floor":44,"key":"SMITH"},{"data":"Limit Break","floor":46,"key":"SMITH"},{"floor":49,"key":"RECALL"},{"floor":52,"key":"REST"}],"neow_cost":"TEN_PERCENT_HP_LOSS","seed_source_timestamp":297574964121300,"circlet_count":0,"master_deck":["AscendersBane","Strike_R+1","Strike_R+1","Strike_R+1","Strike_R+1","Defend_R+1","Defend_R+1","Defend_R+1","Impervious","Shockwave+1","Cleave+1","Burning Pact","Spot Weakness","True Grit+1","Limit Break+1","Twin Strike+1","Headbutt+1","Dark Embrace+1","Spot Weakness","Twin Strike+1","Burning Pact","J.A.X.+1","Armaments+1","Sword Boomerang+1","Offering","Dark Embrace","Battle Trance+1","Dark Shackles","Dark Embrace+1","Impervious","Entrench"],"relics":["Burning Blood","StrikeDummy","PreservedInsect","Golden Idol","Paper Frog","Potion Belt","Mark of Pain","Akabeko","Shuriken","Oddly Smooth Stone","Sundial","Old Coin","Bottled Lightning","Red Mask","Cursed Key","Magic Flower","Medical Kit","TungstenRod","Lantern","Strange Spoon","Whetstone"],"potions_floor_usage":[6,6,30,31,33,33,50,54,54,55,55],"damage_taken":[{"damage":0,"enemies":"2 Louse","floor":1,"turns":4},{"damage":7,"enemies":"Small Slimes","floor":2,"turns":4},{"damage":10,"enemies":"Jaw Worm","floor":3,"turns":6},{"damage":8,"enemies":"3 Sentries","floor":6,"turns":8},{"damage":11,"enemies":"Gremlin Nob","floor":8,"turns":3},{"damage":1,"enemies":"2 Fungi Beasts","floor":12,"turns":3},{"damage":5,"enemies":"Lagavulin","floor":13,"turns":6},{"damage":3,"enemies":"Gremlin Nob","floor":14,"turns":3},{"damage":28,"enemies":"Slime Boss","floor":16,"turns":8},{"damage":3,"enemies":"Chosen","floor":18,"turns":4},{"damage":5,"enemies":"3 Byrds","floor":20,"turns":5},{"damage":3,"enemies":"Sentry and Sphere","floor":22,"turns":5},{"damage":18,"enemies":"Book of Stabbing","floor":23,"turns":4},{"damage":8,"enemies":"Slavers","floor":29,"turns":3},{"damage":7,"enemies":"Colosseum Slavers","floor":30,"turns":3},{"damage":6,"enemies":"Colosseum Nobs","floor":30,"turns":3},{"damage":39,"enemies":"Masked Bandits","floor":31,"turns":4},{"damage":32,"enemies":"Automaton","floor":33,"turns":7},{"damage":10,"enemies":"3 Darklings","floor":35,"turns":5},{"damage":3,"enemies":"Mind Bloom Boss Battle","floor":36,"turns":2},{"damage":12,"enemies":"3 Shapes","floor":37,"turns":4},{"damage":30,"enemies":"Nemesis","floor":40,"turns":3},{"damage":2,"enemies":"3 Darklings","floor":42,"turns":4},{"damage":2,"enemies":"Giant Head","floor":45,"turns":4},{"damage":12,"enemies":"Sphere and 2 Shapes","floor":47,"turns":6},{"damage":34,"enemies":"Donu and Deca","floor":50,"turns":5},{"damage":42,"enemies":"Shield and Spear","floor":54,"turns":4},{"damage":79,"enemies":"The Heart","floor":55,"turns":7}],"seed_played":"-1770631606844234318","potions_obtained":[{"floor":2,"key":"HeartOfIron"},{"floor":3,"key":"ColorlessPotion"},{"floor":13,"key":"HeartOfIron"},{"floor":16,"key":"Strength Potion"},{"floor":20,"key":"SkillPotion"},{"floor":23,"key":"LiquidMemories"},{"floor":31,"key":"Explosive Potion"},{"floor":35,"key":"Swift Potion"},{"floor":37,"key":"BloodPotion"},{"floor":45,"key":"Weak Potion"}],"is_trial":false,"path_per_floor":["M","M","M","?","$","E","R","E","T","R","?","M","E","?","R","B",null,"M","?","M","$","M","E","R","?","T","$","R","E","?","?","R","B",null,"M","?","M","$","?","E","R","M","T","R","E","R","M","?","R","B",null,"R","$","E","B",null],"character_chosen":"IRONCLAD","items_purchased":["Anger","Dark Embrace","SteroidPotion","Spot Weakness","Oddly Smooth Stone","Battle Trance","Medical Kit","Dark Shackles","Strange Spoon","Regen Potion"],"campfire_rested":2,"item_purchase_floors":[5,21,21,21,27,38,38,38,53,53],"current_hp_per_floor":[72,71,67,67,67,65,65,60,60,60,42,47,48,51,51,29,61,64,64,65,65,68,56,56,56,56,56,56,54,53,20,41,15,58,54,57,54,54,54,33,33,40,40,40,47,47,44,44,44,19,59,72,72,39,14],"gold":137,"neow_bonus":"THREE_RARE_CARDS","is_prod":false,"is_daily":false,"chose_seed":false,"campfire_upgraded":8,"win_rate":0,"timestamp":1697039080,"path_taken":["M","M","M","?","$","E","R","E","T","R","?","M","E","?","R","BOSS","M","?","M","$","M","E","R","?","T","?","R","E","?","?","R","BOSS","M","?","M","$","?","E","R","M","T","R","E","R","?","?","R","BOSS","R","$","E","BOSS"],"build_version":"2022-12-18","purchased_purges":4,"victory":true,"max_hp_per_floor":[72,72,72,72,72,72,72,72,72,72,72,72,72,72,72,72,72,72,72,72,72,72,72,72,72,72,72,72,72,72,72,72,72,72,72,72,72,72,72,72,72,72,72,72,72,72,72,72,72,72,72,72,72,72,72],"card_choices":[{"not_picked":["Limit Break","Brutality"],"picked":"Impervious","floor":0},{"not_picked":["Flex","Armaments"],"picked":"Shockwave","floor":1},{"not_picked":["Sentinel","Seeing Red"],"picked":"Iron Wave","floor":2},{"not_picked":["Perfected Strike","Intimidate","Body Slam"],"picked":"SKIP","floor":3},{"not_picked":["Evolve","Shrug It Off"],"picked":"Cleave","floor":6},{"not_picked":["Cleave","Brutality"],"picked":"Burning Pact","floor":8},{"not_picked":["Carnage","Reckless Charge"],"picked":"Spot Weakness","floor":12},{"not_picked":["Power Through","Wild Strike"],"picked":"True Grit","floor":13},{"not_picked":["Berserk","Barricade"],"picked":"Limit Break","floor":16},{"not_picked":["Armaments","Clothesline"],"picked":"Twin Strike","floor":18},{"not_picked":["Warcry","Shockwave"],"picked":"Headbutt","floor":20},{"not_picked":["Body Slam","Pummel+1"],"picked":"Twin Strike+1","floor":22},{"not_picked":["Feel No Pain","Entrench"],"picked":"Burning Pact","floor":23},{"not_picked":["Bludgeon","Uppercut"],"picked":"Armaments","floor":29},{"not_picked":["Hemokinesis","Pummel"],"picked":"Sword Boomerang+1","floor":31},{"not_picked":["Demon Form","Berserk"],"picked":"Offering","floor":33},{"not_picked":["Iron Wave+1","Shrug It Off"],"picked":"Dark Embrace","floor":35},{"not_picked":["Clash+1","Thunderclap","Fire Breathing+1"],"picked":"SKIP","floor":37},{"not_picked":["Metallicize","Pommel Strike"],"picked":"Impervious","floor":40},{"not_picked":["Body Slam","Iron Wave+1","Sword Boomerang"],"picked":"SKIP","floor":42},{"not_picked":["Sever Soul","Barricade","Cleave"],"picked":"SKIP","floor":45},{"not_picked":["Searing Blow","Sentinel","Thunderclap"],"picked":"SKIP","floor":47},{"not_picked":["Twin Strike","Bloodletting"],"picked":"Entrench","floor":54}],"player_experience":850463,"relics_obtained":[{"floor":6,"key":"StrikeDummy"},{"floor":8,"key":"PreservedInsect"},{"floor":13,"key":"Paper Frog"},{"floor":14,"key":"Potion Belt"},{"floor":23,"key":"Akabeko"},{"floor":26,"key":"Shuriken"},{"floor":29,"key":"Sundial"},{"floor":30,"key":"Old Coin"},{"floor":30,"key":"Bottled Lightning"},{"floor":31,"key":"Red Mask"},{"floor":36,"key":"Magic Flower"},{"floor":40,"key":"TungstenRod"},{"floor":45,"key":"Lantern"},{"floor":54,"key":"Whetstone"}],"event_choices":[{"damage_healed":0,"gold_gain":0,"cards_transformed":["Strike_R"],"player_choice":"Change","damage_taken":0,"max_hp_gain":0,"max_hp_loss":0,"event_name":"Living Wall","floor":4,"gold_loss":0,"cards_obtained":["Headbutt"]},{"damage_healed":0,"gold_gain":0,"player_choice":"Take Damage","damage_taken":18,"relics_obtained":["Golden Idol"],"max_hp_gain":0,"max_hp_loss":0,"event_name":"Golden Idol","floor":11,"gold_loss":0},{"damage_healed":0,"gold_gain":0,"player_choice":"Searched \u00272\u0027 times","damage_taken":0,"max_hp_gain":0,"max_hp_loss":0,"event_name":"Dead Adventurer","floor":14,"gold_loss":0},{"damage_healed":0,"gold_gain":0,"player_choice":"Simplicity","damage_taken":0,"max_hp_gain":0,"max_hp_loss":0,"event_name":"Back to Basics","floor":19,"gold_loss":0,"cards_upgraded":["Strike_R","Strike_R","Strike_R","Strike_R","Defend_R","Defend_R","Defend_R"]},{"damage_healed":0,"gold_gain":0,"player_choice":"Obtain J.A.X.","damage_taken":0,"max_hp_gain":0,"max_hp_loss":0,"event_name":"Drug Dealer","floor":25,"gold_loss":0,"cards_obtained":["J.A.X."]},{"damage_healed":0,"gold_gain":0,"player_choice":"Fight","damage_taken":0,"max_hp_gain":0,"max_hp_loss":0,"event_name":"Colosseum","floor":30,"gold_loss":0},{"damage_healed":0,"gold_gain":0,"player_choice":"Fought Nobs","damage_taken":0,"max_hp_gain":0,"max_hp_loss":0,"event_name":"Colosseum","floor":30,"gold_loss":0},{"damage_healed":0,"gold_gain":0,"player_choice":"Fought Bandits","damage_taken":0,"max_hp_gain":0,"max_hp_loss":0,"event_name":"Masked Bandits","floor":31,"gold_loss":0},{"damage_healed":0,"gold_gain":0,"player_choice":"Fight","damage_taken":0,"max_hp_gain":0,"max_hp_loss":0,"event_name":"MindBloom","floor":36,"gold_loss":0},{"damage_healed":0,"gold_gain":0,"player_choice":"Copied","damage_taken":0,"max_hp_gain":0,"max_hp_loss":0,"event_name":"Duplicator","floor":39,"gold_loss":0,"cards_obtained":["Dark Embrace"]},{"cards_removed":["Headbutt"],"damage_healed":0,"gold_gain":0,"player_choice":"Removed Attack","damage_taken":0,"max_hp_gain":0,"max_hp_loss":0,"event_name":"Falling","floor":48,"gold_loss":0}],"is_beta":false,"boss_relics":[{"not_picked":["Busted Crown","SacredBark"],"picked":"Mark of Pain"},{"not_picked":["Pandora\u0027s Box","Philosopher\u0027s Stone"],"picked":"Cursed Key"}],"items_purged_floors":[5,21,38,53],"is_endless":false,"potions_floor_spawned":[2,3,13,16,20,22,23,31,35,37,45,47],"ascension_level":12}