{"gold_per_floor":[114,134,151,76,87,87,6,6,6,30,52,83,83,83,83,169,250,264,282,34,62,62,62,90,90,90,103,147,192,192,192,192,274,274,302,318,318,251,277,317,317,347,356,393,406,406,212,225,225,225,225,225,18,60,60],"floor_reached":55,"playtime":3139,"items_purged":["Decay","Rupture","Parasite"],"score":1466,"play_id":"244f107a-cd12-4b19-aeed-6c0570f7d953","local_time":"20231109015734","is_ascension_mode":true,"campfire_choices":[{"data":"Whirlwind","floor":6,"key":"SMITH"},{"data":"Feed","floor":8,"key":"SMITH"},{"data":"Armaments","floor":13,"key":"SMITH"},{"data":"Inflame","floor":15,"key":"SMITH"},{"data":"Dark Embrace","floor":23,"key":"SMITH"},{"data":"True Grit","floor":25,"key":"SMITH"},{"data":"Feel No Pain","floor":30,"key":"SMITH"},{"data":"Exhume","floor":32,"key":"SMITH"},{"data":"Offering","floor":41,"key":"SMITH"},{"data":"Offering","floor":46,"key":"SMITH"},{"floor":49,"key":"RECALL"},{"data":"Offering","floor":52,"key":"SMITH"}],"neow_cost":"CURSE","seed_source_timestamp":2397594029749600,"circlet_count":0,"master_deck":["AscendersBane","Bash","Feed+1","Anger","Whirlwind+1","Pommel Strike","Inflame+1","Impervious","Armaments+1","Offering+1","Pommel Strike","Twin Strike","Dropkick","Flex","Dark Embrace+1","Shrug It Off","Feel No Pain+1","Ghostly Armor","Offering+1","True Grit+1","Intimidate","Exhume+1","Ghostly","Ghostly","Ghostly","Ghostly","Ghostly","Offering+1","Sword Boomerang","Pummel","Warcry+1","Power Through","Uppercut+1","Disarm","Sentinel+1"],"relics":["Burning Blood","Paper Frog","CeramicFish","Letter Opener","Pandora\u0027s Box","DollysMirror","Ginger","Akabeko","Cursed Key","TungstenRod","Centennial Puzzle","Bottled Lightning","Boot","Lee\u0027s Waffle","Mercury Hourglass"],"potions_floor_usage":[12,33,35,55,55],"damage_taken":[{"damage":15,"enemies":"Cultist","floor":1,"turns":6},{"damage":15,"enemies":"Jaw Worm","floor":2,"turns":5},{"damage":0,"enemies":"Small Slimes","floor":3,"turns":3},{"damage":9,"enemies":"2 Fungi Beasts","floor":5,"turns":4},{"damage":10,"enemies":"Large Slime","floor":10,"turns":5},{"damage":6,"enemies":"Looter","floor":11,"turns":4},{"damage":29,"enemies":"Gremlin Nob","floor":12,"turns":4},{"damage":25,"enemies":"Slime Boss","floor":16,"turns":7},{"damage":21,"enemies":"Chosen","floor":18,"turns":5},{"damage":17,"enemies":"Shell Parasite","floor":21,"turns":5},{"damage":12,"enemies":"Gremlin Leader","floor":24,"turns":4},{"damage":14,"enemies":"Snake Plant","floor":27,"turns":4},{"damage":14,"enemies":"Slavers","floor":28,"turns":4},{"damage":17,"enemies":"Champ","floor":33,"turns":8},{"damage":10,"enemies":"3 Darklings","floor":35,"turns":3},{"damage":4,"enemies":"3 Shapes","floor":36,"turns":4},{"damage":4,"enemies":"Spire Growth","floor":39,"turns":3},{"damage":5,"enemies":"Reptomancer","floor":40,"turns":5},{"damage":0,"enemies":"Nemesis","floor":42,"turns":7},{"damage":5,"enemies":"Reptomancer","floor":44,"turns":3},{"damage":5,"enemies":"Writhing Mass","floor":45,"turns":2},{"damage":0,"enemies":"3 Darklings","floor":48,"turns":5},{"damage":35,"enemies":"Time Eater","floor":50,"turns":6},{"damage":6,"enemies":"Shield and Spear","floor":54,"turns":4},{"damage":103,"enemies":"The Heart","floor":55,"turns":9}],"seed_played":"8444394994972835497","potions_obtained":[{"floor":3,"key":"Ancient Potion"},{"floor":5,"key":"DistilledChaos"},{"floor":16,"key":"Explosive Potion"},{"floor":27,"key":"GamblersBrew"},{"floor":35,"key":"Explosive Potion"},{"floor":40,"key":"AttackPotion"}],"is_trial":false,"path_per_floor":["M","M","M","$","M","R","?","R","T","M","M","E","R","$","R","B",null,"M","?","$","M","?","R","E","R","T","M","E","?","R","?","R","B",null,"M","M","?","$","M","E","R","E","T","E","M","R","$","M","R","B",null,"R","$","E","B"],"character_chosen":"IRONCLAD","items_purchased":["DollysMirror","True Grit","Pummel","Disarm","Energy Potion","Lee\u0027s Waffle"],"campfire_rested":0,"item_purchase_floors":[20,20,38,47,53,53],"current_hp_per_floor":[62,56,65,65,65,65,65,65,65,65,65,42,42,42,42,27,78,67,67,67,60,60,60,58,58,58,54,50,50,50,41,41,34,58,58,64,64,64,70,75,75,85,85,90,94,94,91,91,91,62,84,84,98,102,0],"gold":60,"neow_bonus":"THREE_RARE_CARDS","is_prod":false,"is_daily":false,"chose_seed":false,"campfire_upgraded":11,"win_rate":0,"timestamp":1699523854,"path_taken":["M","M","M","$","M","R","?","R","T","M","?","E","R","$","R","BOSS","M","?","$","M","?","R","E","R","T","M","E","?","R","?","R","BOSS","M","M","?","$","M","E","R","E","T","E","M","R","$","M","R","BOSS","R","$","E","BOSS"],"build_version":"2022-12-18","purchased_purges":3,"victory":false,"max_hp_per_floor":[78,81,84,84,87,87,87,87,87,91,91,91,91,91,91,95,95,99,99,99,103,103,103,107,107,107,111,115,57,57,62,62,66,66,70,74,74,74,78,82,82,86,86,90,94,94,91,91,91,91,91,91,98,102,102],"card_choices":[{"not_picked":["Impervious","Demon Form"],"picked":"Feed","floor":0},{"not_picked":["True Grit","Havoc"],"picked":"Anger","floor":1},{"not_picked":["Iron Wave","Perfected Strike"],"picked":"Whirlwind","floor":2},{"not_picked":["True Grit","Wild Strike"],"picked":"Pommel Strike","floor":3},{"not_picked":["Body Slam","Thunderclap"],"picked":"Inflame","floor":5},{"not_picked":["Armaments","Headbutt"],"picked":"Impervious","floor":10},{"not_picked":["Heavy Blade","Sword Boomerang"],"picked":"Armaments","floor":11},{"not_picked":["Anger","Fire Breathing","Cleave"],"picked":"SKIP","floor":12},{"not_picked":["Fiend Fire","Berserk"],"picked":"Offering","floor":16},{"not_picked":["Thunderclap","Headbutt","Rage"],"picked":"SKIP","floor":18},{"not_picked":["Pommel Strike","Clash"],"picked":"Intimidate","floor":21},{"not_picked":["Bludgeon","Clash","Infernal Blade"],"picked":"SKIP","floor":24},{"not_picked":["Headbutt","True Grit","Twin Strike"],"picked":"SKIP","floor":27},{"not_picked":["Sentinel","Dropkick"],"picked":"Exhume","floor":28},{"not_picked":["Impervious","Reaper"],"picked":"Offering","floor":33},{"not_picked":["True Grit","Armaments+1"],"picked":"Sword Boomerang","floor":35},{"not_picked":["Thunderclap+1","Pommel Strike","Battle Trance"],"picked":"SKIP","floor":36},{"not_picked":["Twin Strike","Hemokinesis"],"picked":"Warcry+1","floor":39},{"not_picked":["Dropkick","Feed"],"picked":"Power Through","floor":40},{"not_picked":["Sword Boomerang","Battle Trance","Intimidate+1"],"picked":"SKIP","floor":42},{"not_picked":["Infernal Blade","Wild Strike"],"picked":"Uppercut+1","floor":44},{"not_picked":["Sword Boomerang+1","Anger","Blood for Blood"],"picked":"SKIP","floor":45},{"not_picked":["Metallicize","Shrug It Off","Warcry"],"picked":"SKIP","floor":48},{"not_picked":["Clothesline","Disarm"],"picked":"Sentinel+1","floor":54}],"player_experience":893910,"relics_obtained":[{"floor":9,"key":"CeramicFish"},{"floor":12,"key":"Letter Opener"},{"floor":24,"key":"Ginger"},{"floor":28,"key":"Akabeko"},{"floor":40,"key":"TungstenRod"},{"floor":42,"key":"Centennial Puzzle"},{"floor":43,"key":"Bottled Lightning"},{"floor":44,"key":"Boot"},{"floor":54,"key":"Mercury Hourglass"}],"event_choices":[{"damage_healed":0,"gold_gain":0,"player_choice":"Paid Gold","damage_taken":0,"relics_obtained":["Paper Frog"],"max_hp_gain":0,"max_hp_loss":0,"event_name":"WeMeetAgain","floor":7,"gold_loss":81},{"damage_healed":0,"gold_gain":0,"cards_transformed":["Combust","Infernal Blade"],"player_choice":"Became Test Subject","damage_taken":0,"max_hp_gain":0,"max_hp_loss":0,"event_name":"Drug Dealer","floor":19,"gold_loss":0,"cards_obtained":["Ghostly Armor","Rupture"]},{"damage_healed":0,"gold_gain":0,"player_choice":"Ignored","damage_taken":0,"max_hp_gain":0,"max_hp_loss":0,"event_name":"Cursed Tome","floor":22,"gold_loss":0},{"damage_healed":0,"gold_gain":0,"player_choice":"Became a Ghost","damage_taken":0,"max_hp_gain":0,"max_hp_loss":58,"event_name":"Ghosts","floor":29,"gold_loss":0,"cards_obtained":["Ghostly","Ghostly","Ghostly","Ghostly","Ghostly"]},{"damage_healed":0,"gold_gain":0,"player_choice":"Shed Blood","damage_taken":14,"max_hp_gain":5,"max_hp_loss":0,"event_name":"Forgotten Altar","floor":31,"gold_loss":0},{"damage_healed":0,"gold_gain":0,"player_choice":"Ignored","damage_taken":0,"max_hp_gain":0,"max_hp_loss":0,"event_name":"Tomb of Lord Red Mask","floor":37,"gold_loss":0}],"is_beta":false,"boss_relics":[{"not_picked":["SacredBark","Sozu"],"picked":"Pandora\u0027s Box"},{"not_picked":["Runic Pyramid","Astrolabe"],"picked":"Cursed Key"}],"items_purged_floors":[4,20,47],"is_endless":false,"potions_floor_spawned":[3,5,10,16,18,27,35,40,48],"killed_by":"The Heart","ascension_level":14}