{"gold_per_floor":[113,113,126,137,155,155,230,242,242,273,273,285,285,318,318,395,395,415,415,435,453,41,76,90,90,115,150,150,167,167,184,184,270,270,287,310,339,360,92,92],"floor_reached":40,"playtime":1771,"items_purged":["Strike_R+1"],"score":840,"play_id":"5559354a-dbec-47cb-9b20-e61be4313ab5","local_time":"20231217210813","is_ascension_mode":true,"campfire_choices":[{"data":"Armaments","floor":6,"key":"SMITH"},{"floor":13,"key":"REST"},{"data":"Inflame","floor":15,"key":"SMITH"},{"floor":25,"key":"REST"},{"data":"Inflame","floor":28,"key":"SMITH"},{"data":"Inflame","floor":30,"key":"SMITH"},{"data":"Heavy Blade","floor":32,"key":"SMITH"}],"neow_cost":"NONE","seed_source_timestamp":383268565085100,"circlet_count":0,"master_deck":["AscendersBane","Strike_R+1","Strike_R+1","Strike_R+1","Defend_R+1","Defend_R+1","Defend_R+1","Defend_R+1","Bash","Cleave","Twin Strike","Armaments+1","Inflame+1","Flame Barrier","Disarm","True Grit","Immolate","Headbutt","Inflame+1","True Grit+1","Shrug It Off","Dark Embrace","Heavy Blade+1","Inflame+1","Reaper","Offering","Parasite","Heavy Blade"],"relics":["Burning Blood","Singing Bowl","Question Card","Gremlin Horn","Magic Flower","Velvet Choker","ClockworkSouvenir","Pantograph","CeramicFish","Orichalcum","Philosopher\u0027s Stone","Paper Frog"],"potions_floor_usage":[10,16,16,18,23,33,33,40],"damage_taken":[{"damage":7,"enemies":"Small Slimes","floor":1,"turns":5},{"damage":11,"enemies":"Jaw Worm","floor":3,"turns":5},{"damage":3,"enemies":"2 Louse","floor":4,"turns":2},{"damage":23,"enemies":"Large Slime","floor":5,"turns":8},{"damage":8,"enemies":"Exordium Wildlife","floor":8,"turns":4},{"damage":12,"enemies":"Gremlin Nob","floor":10,"turns":3},{"damage":6,"enemies":"Lots of Slimes","floor":12,"turns":2},{"damage":14,"enemies":"Lagavulin","floor":14,"turns":9},{"damage":12,"enemies":"Hexaghost","floor":16,"turns":9},{"damage":0,"enemies":"Spheric Guardian","floor":18,"turns":3},{"damage":14,"enemies":"Shell Parasite","floor":20,"turns":5},{"damage":24,"enemies":"Snake Plant","floor":21,"turns":2},{"damage":30,"enemies":"Slavers","floor":23,"turns":4},{"damage":54,"enemies":"Chosen and Byrds","floor":24,"turns":6},{"damage":1,"enemies":"Gremlin Leader","floor":27,"turns":5},{"damage":7,"enemies":"Centurion and Healer","floor":29,"turns":6},{"damage":10,"enemies":"Cultist and Chosen","floor":31,"turns":5},{"damage":41,"enemies":"Champ","floor":33,"turns":9},{"damage":25,"enemies":"3 Shapes","floor":35,"turns":6},{"damage":35,"enemies":"3 Darklings","floor":36,"turns":4},{"damage":43,"enemies":"Writhing Mass","floor":37,"turns":9},{"damage":0,"enemies":"Sphere and 2 Shapes","floor":38,"turns":5},{"damage":65,"enemies":"Giant Head","floor":40,"turns":5}],"seed_played":"37537538857834178","potions_obtained":[{"floor":3,"key":"SkillPotion"},{"floor":12,"key":"LiquidBronze"},{"floor":14,"key":"SkillPotion"},{"floor":16,"key":"Fire Potion"},{"floor":20,"key":"Dexterity Potion"},{"floor":23,"key":"Energy Potion"},{"floor":36,"key":"BlessingOfTheForge"}],"is_trial":false,"path_per_floor":["M","?","M","M","M","R","?","M","T","E","?","M","R","E","R","B",null,"M","?","M","M","$","E","M","R","T","E","R","M","R","M","R","B",null,"M","M","M","M","$","E"],"character_chosen":"IRONCLAD","items_purchased":["Shrug It Off","Dark Embrace","ClockworkSouvenir","BloodPotion","Paper Frog"],"campfire_rested":2,"item_purchase_floors":[22,22,22,22,39],"current_hp_per_floor":[74,63,58,63,46,46,35,33,33,27,20,20,45,37,37,34,72,81,81,76,61,61,56,11,36,36,46,46,50,50,51,51,57,82,88,62,45,65,65,0],"gold":92,"neow_bonus":"TEN_PERCENT_HP_BONUS","is_prod":false,"is_daily":false,"chose_seed":false,"campfire_upgraded":5,"win_rate":0,"timestamp":1702876093,"path_taken":["M","?","M","M","M","R","?","M","T","E","?","M","R","E","R","BOSS","M","?","M","M","$","E","M","R","T","E","R","M","R","M","R","BOSS","M","M","M","M","$","E"],"build_version":"2022-12-18","purchased_purges":1,"victory":false,"max_hp_per_floor":[82,82,82,84,84,84,84,84,84,84,84,84,84,84,84,84,84,84,84,84,84,84,84,84,84,84,86,86,88,88,90,90,90,90,92,92,94,94,94,94],"card_choices":[{"not_picked":["Clothesline","Sever Soul"],"picked":"Cleave","floor":1},{"not_picked":["Sword Boomerang","Iron Wave"],"picked":"Twin Strike","floor":3},{"not_picked":["Blood for Blood","Perfected Strike","Second Wind"],"picked":"Singing Bowl","floor":4},{"not_picked":["Clothesline","Shrug It Off"],"picked":"Armaments","floor":5},{"not_picked":["Iron Wave","Wild Strike"],"picked":"Inflame","floor":8},{"not_picked":["Clothesline","Iron Wave","Rupture"],"picked":"Flame Barrier","floor":10},{"not_picked":["Warcry","Clothesline","Thunderclap"],"picked":"Disarm","floor":12},{"not_picked":["Demon Form","Intimidate","Twin Strike"],"picked":"True Grit","floor":14},{"not_picked":["Reaper","Fiend Fire","Berserk"],"picked":"Immolate","floor":16},{"not_picked":["Wild Strike","Armaments","Intimidate"],"picked":"Headbutt","floor":18},{"not_picked":["Cleave","Entrench","Armaments"],"picked":"Inflame","floor":20},{"not_picked":["Ghostly Armor","Rupture","Dropkick"],"picked":"True Grit+1","floor":21},{"not_picked":["Clothesline","Thunderclap","Flame Barrier"],"picked":"Heavy Blade","floor":23},{"not_picked":["Battle Trance","Sword Boomerang","Carnage"],"picked":"Inflame","floor":24},{"not_picked":["Body Slam","Infernal Blade","Carnage","Seeing Red"],"picked":"Singing Bowl","floor":27},{"not_picked":["Headbutt","Clash","Anger","Perfected Strike"],"picked":"Singing Bowl","floor":29},{"not_picked":["Juggernaut","Clothesline","Warcry","Cleave"],"picked":"Singing Bowl","floor":31},{"not_picked":["Double Tap","Corruption","Demon Form"],"picked":"Reaper","floor":33},{"not_picked":["True Grit","Thunderclap","Cleave","Pommel Strike"],"picked":"Singing Bowl","floor":35},{"not_picked":["Iron Wave","Shrug It Off","Clash"],"picked":"Offering","floor":36},{"not_picked":["Thunderclap","Iron Wave","Sword Boomerang","Havoc"],"picked":"Singing Bowl","floor":37},{"not_picked":["Sword Boomerang","Ghostly Armor","Hemokinesis"],"picked":"Heavy Blade","floor":38}],"player_experience":1016698,"relics_obtained":[{"floor":9,"key":"Question Card"},{"floor":10,"key":"Gremlin Horn"},{"floor":14,"key":"Magic Flower"},{"floor":23,"key":"Pantograph"},{"floor":26,"key":"CeramicFish"},{"floor":27,"key":"Orichalcum"}],"event_choices":[{"damage_healed":0,"gold_gain":0,"player_choice":"Success","damage_taken":11,"relics_obtained":["Singing Bowl"],"max_hp_gain":0,"max_hp_loss":0,"event_name":"Scrap Ooze","floor":2,"gold_loss":0},{"damage_healed":0,"gold_gain":75,"player_choice":"Gather Gold","damage_taken":11,"max_hp_gain":0,"max_hp_loss":0,"event_name":"World of Goop","floor":7,"gold_loss":0},{"cards_removed":["Strike_R"],"damage_healed":0,"gold_gain":0,"player_choice":"Card Removal","damage_taken":7,"max_hp_gain":0,"max_hp_loss":0,"event_name":"Golden Wing","floor":11,"gold_loss":0},{"damage_healed":0,"gold_gain":0,"player_choice":"Simplicity","damage_taken":0,"max_hp_gain":0,"max_hp_loss":0,"event_name":"Back to Basics","floor":19,"gold_loss":0,"cards_upgraded":["Strike_R","Strike_R","Strike_R","Strike_R","Defend_R","Defend_R","Defend_R","Defend_R"]}],"is_beta":false,"boss_relics":[{"not_picked":["Calling Bell","Black Blood"],"picked":"Velvet Choker"},{"not_picked":["Sozu","Astrolabe"],"picked":"Philosopher\u0027s Stone"}],"items_purged_floors":[22],"is_endless":false,"potions_floor_spawned":[3,12,14,16,20,23,24,36],"killed_by":"Giant Head","ascension_level":18}