{"gold_per_floor":[118,136,147,147,164,164,164,174,225,56,86,86,118,129,129,200,200,180,105,105,105,31,31,31,31,31,31,31,31,31,31,31,31],"floor_reached":33,"playtime":1172,"items_purged":["Strike_R"],"score":530,"play_id":"11d230d4-33f0-4de4-8632-2a2e5c47fb7b","local_time":"20231217163942","is_ascension_mode":true,"campfire_choices":[{"data":"Apotheosis","floor":6.0,"key":"SMITH"},{"data":"Whirlwind","floor":12.0,"key":"SMITH"},{"data":"Corruption","floor":15.0,"key":"SMITH"},{"data":"Pommel Strike","floor":28,"key":"SMITH"},{"floor":32,"key":"REST"}],"neow_cost":"CURSE","seed_source_timestamp":367718318167000,"circlet_count":0,"master_deck":["AscendersBane","Strike_R","Strike_R","Strike_R","Defend_R","Defend_R","Defend_R","Defend_R","Bash","Apotheosis+1","Anger","Whirlwind+1","Carnage","Evolve","True Grit","Corruption+1","Exhume","Pommel Strike+1","RitualDagger","Flame Barrier","Headbutt","Shrug It Off+1"],"special_seed":0,"relics":["Burning Blood","Art of War","Bottled Flame","Toy Ornithopter","Ectoplasm","Meat on the Bone","Pantograph"],"potions_floor_usage":[33,33],"damage_taken":[{"damage":6.0,"enemies":"Cultist","floor":1.0,"turns":5.0},{"damage":12.0,"enemies":"Small Slimes","floor":2.0,"turns":3.0},{"damage":15.0,"enemies":"2 Louse","floor":3.0,"turns":2.0},{"damage":12.0,"enemies":"Exordium Thugs","floor":5.0,"turns":4.0},{"damage":18.0,"enemies":"Red Slaver","floor":8.0,"turns":3.0},{"damage":2.0,"enemies":"Gremlin Nob","floor":11.0,"turns":3.0},{"damage":11.0,"enemies":"Lagavulin","floor":13.0,"turns":6.0},{"damage":4.0,"enemies":"Large Slime","floor":14.0,"turns":5.0},{"damage":38.0,"enemies":"Slime Boss","floor":16.0,"turns":7.0},{"damage":11.0,"enemies":"2 Thieves","floor":18.0,"turns":2.0},{"damage":18.0,"enemies":"Chosen","floor":20.0,"turns":5.0},{"damage":5.0,"enemies":"Book of Stabbing","floor":23.0,"turns":5.0},{"damage":10,"enemies":"3 Cultists","floor":24,"turns":4},{"damage":12,"enemies":"Chosen and Byrds","floor":25,"turns":7},{"damage":14,"enemies":"Cultist and Chosen","floor":29,"turns":7},{"damage":18,"enemies":"Centurion and Healer","floor":30,"turns":5},{"damage":135,"enemies":"Automaton","floor":33,"turns":12}],"seed_played":"704905358424305924","potions_obtained":[{"floor":2.0,"key":"BlessingOfTheForge"},{"floor":8.0,"key":"EssenceOfSteel"},{"floor":11.0,"key":"SpeedPotion"},{"floor":14.0,"key":"Block Potion"},{"floor":16.0,"key":"Energy Potion"},{"floor":20.0,"key":"Weak Potion"},{"floor":29,"key":"SkillPotion"},{"floor":30,"key":"SteroidPotion"}],"is_trial":false,"path_per_floor":["M","M","M","?","M","R","?","M","T","$","E","R","E","M","R","B",null,"M","?","M","?","$","E","M","M","T","?","R","M","M","?","R","B"],"character_chosen":"IRONCLAD","items_purchased":["Evolve","True Grit","Flame Barrier"],"campfire_rested":1,"item_purchase_floors":[10,10,22],"current_hp_per_floor":[68,62,53,53,47,47,85,73,73,73,77,77,72,74,74,42,74,74,74,62,56,56,67,63,57,57,32,32,36,36,36,63,0],"gold":31,"neow_bonus":"RANDOM_COLORLESS_2","is_prod":false,"is_daily":false,"chose_seed":false,"campfire_upgraded":4,"win_rate":0,"timestamp":1702859982,"path_taken":["M","M","?","?","M","R","?","?","T","$","E","R","E","M","R","BOSS","M","?","M","?","$","E","M","M","T","?","R","M","M","?","R","BOSS"],"build_version":"2022-12-18","purchased_purges":1,"victory":false,"max_hp_per_floor":[75,75,75,75,75,75,85,85,85,85,85,85,85,85,85,85,85,85,85,85,85,85,85,85,85,85,90,90,90,90,90,90,90],"card_choices":[{"not_picked":["Secret Weapon","Thinking Ahead"],"picked":"Apotheosis","floor":0.0},{"not_picked":["Warcry","Pummel","Clash"],"picked":"SKIP","floor":1.0},{"not_picked":["Warcry","Iron Wave"],"picked":"Anger","floor":2.0},{"not_picked":["Combust","Headbutt"],"picked":"Whirlwind","floor":3.0},{"not_picked":["Searing Blow","Clash"],"picked":"Bludgeon","floor":5.0},{"not_picked":["Sword Boomerang","Pummel"],"picked":"Carnage","floor":8.0},{"not_picked":["Juggernaut","Burning Pact"],"picked":"Corruption","floor":11.0},{"not_picked":["Anger","Sever Soul","Corruption"],"picked":"SKIP","floor":13.0},{"not_picked":["Havoc","Hemokinesis","Warcry"],"picked":"SKIP","floor":14.0},{"not_picked":["Demon Form","Berserk"],"picked":"Exhume","floor":16.0},{"not_picked":["Twin Strike","Thunderclap","True Grit"],"picked":"SKIP","floor":18.0},{"not_picked":["Headbutt","Armaments"],"picked":"Pommel Strike","floor":20.0},{"not_picked":["Sword Boomerang","Carnage","Clothesline"],"picked":"SKIP","floor":23.0},{"not_picked":["Uppercut","Clothesline","Fiend Fire"],"picked":"SKIP","floor":24},{"not_picked":["Body Slam","Havoc+1","Perfected Strike"],"picked":"SKIP","floor":25},{"not_picked":["Perfected Strike","Pummel"],"picked":"Headbutt","floor":29},{"not_picked":["Headbutt","Carnage"],"picked":"Shrug It Off+1","floor":30}],"player_experience":1015280,"relics_obtained":[{"floor":9.0,"key":"Art of War"},{"floor":11.0,"key":"Bottled Flame"},{"floor":13.0,"key":"Toy Ornithopter"},{"floor":23.0,"key":"Meat on the Bone"},{"floor":26,"key":"Pantograph"}],"event_choices":[{"cards_removed":["Decay"],"damage_healed":0.0,"max_hp_gain":0.0,"max_hp_loss":0.0,"gold_gain":0.0,"event_name":"Living Wall","player_choice":"Forget","floor":4.0,"gold_loss":0.0,"damage_taken":0.0},{"cards_removed":["Bludgeon"],"damage_healed":28.0,"max_hp_gain":10.0,"max_hp_loss":0.0,"gold_gain":0.0,"event_name":"Bonfire Elementals","player_choice":"Offered Rare","floor":7.0,"gold_loss":0.0,"damage_taken":0.0},{"cards_removed":["Strike_R"],"damage_healed":0.0,"max_hp_gain":0.0,"max_hp_loss":0.0,"gold_gain":0.0,"event_name":"Beggar","player_choice":"Gave Gold","floor":19.0,"gold_loss":75.0,"damage_taken":0.0},{"damage_healed":0.0,"max_hp_gain":0.0,"max_hp_loss":0.0,"gold_gain":0.0,"event_name":"Nest","player_choice":"Joined the Cult","floor":21.0,"gold_loss":0.0,"damage_taken":6.0,"cards_obtained":["RitualDagger"]},{"damage_healed":0,"gold_gain":0,"player_choice":"Shed Blood","damage_taken":30,"max_hp_gain":5,"max_hp_loss":0,"event_name":"Forgotten Altar","floor":27,"gold_loss":0},{"damage_healed":0,"gold_gain":50,"player_choice":"Pray","damage_taken":0,"max_hp_gain":0,"max_hp_loss":0,"event_name":"Golden Shrine","floor":31,"gold_loss":0}],"is_beta":false,"boss_relics":[{"not_picked":["Mark of Pain","Sozu"],"picked":"Ectoplasm"}],"items_purged_floors":[10],"is_endless":false,"potions_floor_spawned":[2,8,11,14,16,20,29,30],"killed_by":"Automaton","ascension_level":18}