{"gold_per_floor":[12,26,42,62,62,62,76,76,76,76,76,107,107,133,133,212,212,222,57,57,57,77,77,104,121,121,134,148,174,193,209,209,209],"floor_reached":33,"playtime":1700,"items_purged":[],"score":598,"play_id":"addcd620-ac35-4ddf-95bd-d12a5a5c0b64","local_time":"20240109030432","is_ascension_mode":true,"campfire_choices":[{"data":"Dualcast","floor":6,"key":"SMITH"},{"data":"Ball Lightning","floor":8,"key":"SMITH"},{"data":"Consume","floor":13,"key":"SMITH"},{"data":"Sweeping Beam","floor":15,"key":"SMITH"},{"data":"Hyperbeam","floor":23,"key":"SMITH"},{"data":"Beam Cell","floor":32,"key":"SMITH"}],"neow_cost":"NO_GOLD","seed_source_timestamp":2305664291342100,"circlet_count":0,"master_deck":["AscendersBane","Defend_B","Defend_B","Defend_B+1","Zap","Dualcast+1","Self Repair","Ball Lightning+1","Rip and Tear+1","Gash","Auto Shields","Cold Snap","Consume+1","Sweeping Beam+1","Hyperbeam+1","CurseOfTheBell","Hologram","Chill","Echo Form","Leap","Coolheaded","Gash","Beam Cell+1"],"relics":["Cracked Core","Question Card","Blue Candle","Thread and Needle","Calling Bell","Bag of Marbles","InkBottle","FossilizedHelix","Runic Capacitor","Cables","StoneCalendar"],"potions_floor_usage":[12,14,29,33,33],"damage_taken":[{"damage":4,"enemies":"Jaw Worm","floor":1,"turns":4},{"damage":4,"enemies":"Small Slimes","floor":2,"turns":4},{"damage":1,"enemies":"Cultist","floor":3,"turns":3},{"damage":2,"enemies":"2 Fungi Beasts","floor":4,"turns":3},{"damage":7,"enemies":"Lots of Slimes","floor":7,"turns":4},{"damage":21,"enemies":"3 Sentries","floor":12,"turns":6},{"damage":6,"enemies":"Lagavulin","floor":14,"turns":5},{"damage":36,"enemies":"Slime Boss","floor":16,"turns":7},{"damage":4,"enemies":"Shell Parasite","floor":18,"turns":7},{"damage":7,"enemies":"3 Byrds","floor":22,"turns":2},{"damage":47,"enemies":"Slavers","floor":24,"turns":7},{"damage":5,"enemies":"Snake Plant","floor":25,"turns":7},{"damage":0,"enemies":"Centurion and Healer","floor":27,"turns":7},{"damage":0,"enemies":"Snecko","floor":28,"turns":7},{"damage":28,"enemies":"Gremlin Leader","floor":29,"turns":8},{"damage":0,"enemies":"Chosen and Byrds","floor":30,"turns":7},{"damage":0,"enemies":"Sentry and Sphere","floor":31,"turns":7},{"damage":63,"enemies":"Collector","floor":33,"turns":8}],"seed_played":"-7756001390803784002","potions_obtained":[{"floor":1,"key":"Explosive Potion"},{"floor":3,"key":"EssenceOfSteel"},{"floor":22,"key":"FocusPotion"},{"floor":25,"key":"Ancient Potion"},{"floor":30,"key":"CultistPotion"}],"is_trial":false,"path_per_floor":["M","M","M","M","?","R","M","R","T","?","?","E","R","E","R","B",null,"M","$","?","?","M","R","E","M","T","M","M","E","M","M","R","B"],"character_chosen":"DEFECT","items_purchased":["Runic Capacitor"],"campfire_rested":0,"item_purchase_floors":[19],"current_hp_per_floor":[60,63,69,71,71,71,71,71,71,50,50,36,36,37,37,8,55,58,58,58,58,51,51,11,20,20,34,48,34,48,62,62,0],"gold":209,"neow_bonus":"REMOVE_TWO","is_prod":false,"is_daily":false,"chose_seed":false,"campfire_upgraded":6,"win_rate":0,"timestamp":1704798272,"path_taken":["M","M","M","M","?","R","M","R","T","?","?","E","R","E","R","BOSS","M","$","?","?","M","R","E","?","T","M","M","E","M","M","R","BOSS"],"build_version":"2022-12-18","purchased_purges":0,"victory":false,"max_hp_per_floor":[71,71,71,71,71,71,71,71,71,71,71,71,71,71,71,71,71,71,71,71,71,71,71,71,71,71,71,71,71,71,71,71,71],"card_choices":[{"not_picked":["Capacitor","Rebound"],"picked":"Self Repair","floor":1},{"not_picked":["Gash","Rebound"],"picked":"Ball Lightning","floor":2},{"not_picked":["Barrage","Turbo"],"picked":"Rip and Tear","floor":3},{"not_picked":["Capacitor","Storm"],"picked":"Gash","floor":4},{"not_picked":["Blizzard","Hello World"],"picked":"Auto Shields","floor":7},{"not_picked":["Blizzard","Recycle","Steam"],"picked":"Consume","floor":12},{"not_picked":["Compile Driver","Redo","Leap"],"picked":"Sweeping Beam","floor":14},{"not_picked":["Buffer","Reboot","Amplify"],"picked":"Hyperbeam","floor":16},{"not_picked":["Leap","Streamline","Recycle"],"picked":"Hologram","floor":18},{"not_picked":["Barrage+1","Go for the Eyes+1","Storm"],"picked":"Chill","floor":22},{"not_picked":["Rebound","Stack","Leap"],"picked":"Echo Form","floor":24},{"not_picked":["White Noise","Barrage","Blizzard"],"picked":"Leap","floor":25},{"not_picked":["Beam Cell","Rebound","Doom and Gloom"],"picked":"Coolheaded","floor":27},{"not_picked":["Cold Snap","Hologram","Sweeping Beam","Conserve Battery"],"picked":"SKIP","floor":28},{"not_picked":["Hello World","Self Repair","Hyperbeam","Double Energy"],"picked":"SKIP","floor":29},{"not_picked":["Double Energy","Compile Driver+1","Ball Lightning"],"picked":"Gash","floor":30},{"not_picked":["Chill","Reinforced Body","Conserve Battery"],"picked":"Beam Cell","floor":31}],"player_experience":1211787,"relics_obtained":[{"floor":9,"key":"Question Card"},{"floor":12,"key":"Blue Candle"},{"floor":14,"key":"Thread and Needle"},{"floor":17,"key":"Bag of Marbles"},{"floor":17,"key":"InkBottle"},{"floor":17,"key":"FossilizedHelix"},{"floor":24,"key":"Cables"},{"floor":29,"key":"StoneCalendar"}],"event_choices":[{"cards_removed":["Strike_B"],"damage_healed":0,"gold_gain":0,"player_choice":"Forget","damage_taken":0,"max_hp_gain":0,"max_hp_loss":0,"event_name":"Living Wall","floor":5,"gold_loss":0},{"damage_healed":0,"gold_gain":0,"player_choice":"Entered Light","damage_taken":21,"max_hp_gain":0,"max_hp_loss":0,"event_name":"Shining Light","floor":10,"gold_loss":0,"cards_upgraded":["Rip and Tear","Defend_B"]},{"damage_healed":0,"gold_gain":0,"cards_transformed":["Strike_B"],"player_choice":"Transformed","damage_taken":0,"max_hp_gain":0,"max_hp_loss":0,"event_name":"Transmorgrifier","floor":11,"gold_loss":0,"cards_obtained":["Cold Snap"]},{"damage_healed":0,"gold_gain":0,"player_choice":"Ignored","damage_taken":0,"max_hp_gain":0,"max_hp_loss":0,"event_name":"Vampires","floor":20,"gold_loss":0},{"cards_removed":["Defend_B"],"damage_healed":0,"gold_gain":0,"player_choice":"Offered Basic","damage_taken":0,"max_hp_gain":0,"max_hp_loss":0,"event_name":"Bonfire Elementals","floor":21,"gold_loss":0}],"is_beta":false,"boss_relics":[{"not_picked":["Black Star","Sozu"],"picked":"Calling Bell"}],"items_purged_floors":[],"is_endless":false,"potions_floor_spawned":[1,3,22,25,30],"killed_by":"Collector","ascension_level":20}