{"gold_per_floor":[117,136,48,62,78,108,108,142,142,142,167,183,232,252,252,330,330,270,270,270,270,270,270,270],"floor_reached":24,"playtime":1241,"items_purged":[],"score":440,"play_id":"8cfb24ee-c1e1-46cc-a8f7-6a0febb210b9","local_time":"20240120015932","is_ascension_mode":true,"campfire_choices":[{"data":"Beam Cell","floor":7,"key":"SMITH"},{"data":"Sunder","floor":15,"key":"SMITH"},{"floor":23,"key":"REST"}],"neow_cost":"TEN_PERCENT_HP_LOSS","seed_source_timestamp":840263696860700,"circlet_count":0,"master_deck":["AscendersBane","Strike_B","Defend_B","Defend_B","Defend_B","Defend_B","Zap","Dualcast","Steam","Creative AI","Glacier","Self Repair","Sunder+1","Beam Cell+1","Sweeping Beam","Hyperbeam+1","Coolheaded","Ball Lightning","Skim","Glacier","Genetic Algorithm+1","Recycle+1"],"relics":["Cracked Core","Bag of Preparation","Pen Nib","Pantograph","Peace Pipe","Happy Flower","Ectoplasm"],"potions_floor_usage":[20],"damage_taken":[{"damage":8,"enemies":"Small Slimes","floor":1,"turns":4},{"damage":0,"enemies":"Jaw Worm","floor":2,"turns":8},{"damage":1,"enemies":"Cultist","floor":4,"turns":4},{"damage":0,"enemies":"2 Fungi Beasts","floor":5,"turns":3},{"damage":11,"enemies":"Lagavulin","floor":6,"turns":9},{"damage":8,"enemies":"Gremlin Nob","floor":8,"turns":3},{"damage":10,"enemies":"3 Sentries","floor":11,"turns":3},{"damage":3,"enemies":"Red Slaver","floor":12,"turns":4},{"damage":0,"enemies":"Looter","floor":14,"turns":3},{"damage":48,"enemies":"Hexaghost","floor":16,"turns":9},{"damage":0,"enemies":"2 Thieves","floor":18,"turns":3},{"damage":20,"enemies":"Spheric Guardian","floor":19,"turns":14},{"damage":31,"enemies":"Chosen and Byrds","floor":20,"turns":7},{"damage":11,"enemies":"3 Cultists","floor":21,"turns":5},{"damage":48,"enemies":"Gremlin Leader","floor":24,"turns":6}],"seed_played":"-335700755136749303","potions_obtained":[{"floor":1,"key":"Dexterity Potion"},{"floor":2,"key":"SmokeBomb"},{"floor":5,"key":"Fire Potion"},{"floor":18,"key":"DistilledChaos"}],"is_trial":false,"path_per_floor":["M","M","$","M","M","E","R","E","T","?","E","M","T","M","R","B",null,"M","M","M","M","?","R","E"],"character_chosen":"DEFECT","items_purchased":["Sunder"],"campfire_rested":1,"item_purchase_floors":[3],"current_hp_per_floor":[56,56,56,62,64,60,60,59,59,52,42,46,46,53,53,16,52,59,53,22,18,18,37,0],"gold":270,"neow_bonus":"TRANSFORM_TWO_CARDS","is_prod":false,"is_daily":false,"chose_seed":false,"campfire_upgraded":2,"win_rate":0,"timestamp":1705744772,"path_taken":["M","M","$","M","M","E","R","E","T","?","E","M","?","M","R","BOSS","M","M","M","M","?","R","E"],"build_version":"2022-12-18","purchased_purges":0,"victory":false,"max_hp_per_floor":[64,64,64,64,64,64,64,64,64,64,64,64,64,64,64,64,64,64,64,64,64,64,64,64],"card_choices":[{"not_picked":["BootSequence","Coolheaded"],"picked":"Glacier","floor":1},{"not_picked":["Stack","Chaos"],"picked":"Self Repair","floor":2},{"not_picked":["Redo","Conserve Battery"],"picked":"Beam Cell","floor":4},{"not_picked":["Steam","Conserve Battery"],"picked":"Sweeping Beam","floor":5},{"not_picked":["Beam Cell","Fusion"],"picked":"Hyperbeam","floor":6},{"not_picked":["Melter","Beam Cell"],"picked":"Coolheaded","floor":8},{"not_picked":["Streamline","Stack"],"picked":"Ball Lightning","floor":11},{"not_picked":["Genetic Algorithm","Reinforced Body"],"picked":"Skim","floor":12},{"not_picked":["Loop","Go for the Eyes","Ball Lightning"],"picked":"SKIP","floor":14},{"not_picked":["Ball Lightning","Cold Snap"],"picked":"Glacier","floor":18},{"not_picked":["Auto Shields","Leap"],"picked":"Genetic Algorithm+1","floor":19},{"not_picked":["Redo","Tempest"],"picked":"Recycle+1","floor":20},{"not_picked":["Force Field","Coolheaded","Double Energy"],"picked":"SKIP","floor":21}],"player_experience":1252425,"relics_obtained":[{"floor":6,"key":"Bag of Preparation"},{"floor":8,"key":"Pen Nib"},{"floor":9,"key":"Pantograph"},{"floor":11,"key":"Peace Pipe"},{"floor":13,"key":"Happy Flower"}],"event_choices":[{"cards_removed":["Strike_B"],"damage_healed":0,"gold_gain":0,"player_choice":"Card Removal","damage_taken":7,"max_hp_gain":0,"max_hp_loss":0,"event_name":"Golden Wing","floor":10,"gold_loss":0},{"damage_healed":0,"gold_gain":0,"player_choice":"Upgraded","damage_taken":0,"max_hp_gain":0,"max_hp_loss":0,"event_name":"Upgrade Shrine","floor":22,"gold_loss":0,"cards_upgraded":["Hyperbeam"]}],"is_beta":false,"boss_relics":[{"not_picked":["Pandora\u0027s Box","Busted Crown"],"picked":"Ectoplasm"}],"items_purged_floors":[],"is_endless":false,"potions_floor_spawned":[1,2,5,14,18,19],"killed_by":"Gremlin Leader","ascension_level":20}