{"gold_per_floor":[14,14,32,48,64,64,94,107,107,126,126,156,175,190,190,264,264,264,264,179,63,63,63,63,63,63,63,63,63,63,63,63,63,63,63,63,63,63,63,63,63,63,63,63,63,63,63,63,63,63,63,63,63,9,9,9],"floor_reached":57,"playtime":3341,"items_purged":["Strike_B"],"score":3065,"play_id":"a0bc73c4-9f2d-40d5-9c23-315ed235b7ea","local_time":"20240121222859","is_ascension_mode":true,"campfire_choices":[{"data":"Beam Cell","floor":6,"key":"SMITH"},{"data":"Self Repair","floor":11,"key":"SMITH"},{"data":"Recycle","floor":15,"key":"SMITH"},{"data":"Defragment","floor":23,"key":"SMITH"},{"data":"Ghostly","floor":28,"key":"SMITH"},{"data":"Strike_B","floor":32,"key":"PURGE"},{"data":"Ghostly","floor":41,"key":"SMITH"},{"data":"Ghostly","floor":45,"key":"SMITH"},{"floor":47,"key":"RECALL"},{"data":"FTL","floor":49,"key":"PURGE"},{"data":"Gash","floor":53,"key":"PURGE"}],"neow_cost":"NO_GOLD","seed_source_timestamp":998323577796500,"circlet_count":0,"master_deck":["AscendersBane","Defend_B","Defend_B","Defend_B","Defend_B","Zap","Dualcast","Beam Cell+1","Self Repair+1","Gash","Gash","Ball Lightning","Glacier","Echo Form","Recycle+1","Electrodynamics+1","Auto Shields+1","Defragment+1","Ghostly+1","Ghostly+1","Ghostly+1","Sunder+1","Echo Form","Fission","Consume+1","Capacitor","Capacitor+1","Coolheaded+1","All For One+1","Rainbow+1"],"relics":["Cracked Core","FossilizedHelix","Juzu Bracelet","Pocketwatch","Pear","Ectoplasm","Peace Pipe","Question Card","Molten Egg 2","Bronze Scales","Snecko Eye","Ginger","Sundial","Toxic Egg 2","CaptainsWheel","HornCleat","Mummified Hand"],"potions_floor_usage":[7,12,25,30,56],"damage_taken":[{"damage":0,"enemies":"Jaw Worm","floor":1,"turns":3},{"damage":0,"enemies":"Cultist","floor":3,"turns":3},{"damage":3,"enemies":"2 Louse","floor":4,"turns":3},{"damage":17,"enemies":"Lots of Slimes","floor":5,"turns":3},{"damage":25,"enemies":"3 Sentries","floor":7,"turns":9},{"damage":0,"enemies":"Blue Slaver","floor":8,"turns":2},{"damage":0,"enemies":"2 Fungi Beasts","floor":10,"turns":2},{"damage":0,"enemies":"Lagavulin","floor":12,"turns":5},{"damage":0,"enemies":"Large Slime","floor":13,"turns":5},{"damage":0,"enemies":"Blue Slaver","floor":14,"turns":3},{"damage":50,"enemies":"Hexaghost","floor":16,"turns":9},{"damage":19,"enemies":"Spheric Guardian","floor":18,"turns":4},{"damage":0,"enemies":"3 Byrds","floor":24,"turns":2},{"damage":0,"enemies":"Slavers","floor":25,"turns":1},{"damage":0,"enemies":"Centurion and Healer","floor":27,"turns":6},{"damage":28,"enemies":"Gremlin Leader","floor":30,"turns":5},{"damage":0,"enemies":"Cultist and Chosen","floor":31,"turns":8},{"damage":6,"enemies":"Collector","floor":33,"turns":8},{"damage":11,"enemies":"3 Shapes","floor":35,"turns":5},{"damage":0,"enemies":"Orb Walker","floor":36,"turns":4},{"damage":0,"enemies":"Mind Bloom Boss Battle","floor":37,"turns":6},{"damage":17,"enemies":"Reptomancer","floor":40,"turns":5},{"damage":0,"enemies":"Spire Growth","floor":42,"turns":7},{"damage":0,"enemies":"Nemesis","floor":44,"turns":7},{"damage":0,"enemies":"Reptomancer","floor":46,"turns":5},{"damage":0,"enemies":"Nemesis","floor":48,"turns":7},{"damage":15,"enemies":"Time Eater","floor":50,"turns":15},{"damage":12,"enemies":"Donu and Deca","floor":51,"turns":8},{"damage":0,"enemies":"Shield and Spear","floor":55,"turns":6},{"damage":81,"enemies":"The Heart","floor":56,"turns":9}],"seed_played":"-3246825770520587454","potions_obtained":[{"floor":1,"key":"DistilledChaos"},{"floor":7,"key":"SteroidPotion"},{"floor":12,"key":"FairyPotion"},{"floor":13,"key":"DuplicationPotion"},{"floor":27,"key":"ColorlessPotion"},{"floor":31,"key":"FocusPotion"},{"floor":42,"key":"Fire Potion"}],"is_trial":false,"path_per_floor":["M","?","M","M","M","R","E","M","T","M","R","E","M","M","R","B",null,"M","?","?","$","?","R","M","E","T","M","R","?","E","M","R","B",null,"M","M","?","$","?","E","R","M","T","E","R","E","R","E","R","B","B",null,"R","$","E","B",null],"character_chosen":"DEFECT","items_purchased":["Defragment","Swift Potion"],"campfire_rested":0,"item_purchase_floors":[21,54],"current_hp_per_floor":[64,64,64,61,51,51,33,40,40,47,47,67,77,81,81,41,71,62,62,62,62,40,40,40,40,40,40,40,40,12,32,32,36,39,38,38,38,38,38,21,21,40,40,40,40,40,40,40,40,40,40,40,40,40,40,7],"gold":9,"neow_bonus":"ONE_RARE_RELIC","is_prod":false,"is_daily":false,"chose_seed":false,"campfire_upgraded":7,"win_rate":0,"timestamp":1705904939,"path_taken":["M","?","M","M","M","R","E","M","T","M","R","E","M","M","R","BOSS","M","?","?","$","?","R","M","E","T","M","R","?","E","M","R","BOSS","M","M","?","$","?","E","R","M","T","E","R","E","R","E","R","BOSS","BOSS","R","$","E","BOSS"],"build_version":"2022-12-18","purchased_purges":1,"victory":true,"max_hp_per_floor":[71,71,71,71,71,71,71,71,71,71,71,81,81,81,81,81,81,81,81,81,81,40,40,40,40,40,40,40,40,40,40,40,40,40,40,40,40,40,40,40,40,40,40,40,40,40,40,40,40,40,40,40,40,40,40,40],"card_choices":[{"not_picked":["Chill","Chaos"],"picked":"Beam Cell","floor":1},{"not_picked":["Conserve Battery","Turbo","Redo"],"picked":"SKIP","floor":3},{"not_picked":["Coolheaded","Genetic Algorithm"],"picked":"Self Repair","floor":4},{"not_picked":["Genetic Algorithm","Glacier"],"picked":"Gash","floor":5},{"not_picked":["Force Field","Auto Shields"],"picked":"Gash","floor":7},{"not_picked":["Amplify","Turbo"],"picked":"Ball Lightning","floor":8},{"not_picked":["Turbo","Leap"],"picked":"Glacier","floor":10},{"not_picked":["Ball Lightning","Conserve Battery"],"picked":"Echo Form","floor":12},{"not_picked":["Sweeping Beam","Beam Cell"],"picked":"Recycle","floor":13},{"not_picked":["Cold Snap","FTL"],"picked":"Gash","floor":14},{"not_picked":["Seek","Core Surge"],"picked":"Electrodynamics","floor":16},{"not_picked":["Turbo+1","Gash"],"picked":"Auto Shields+1","floor":18},{"not_picked":["Sweeping Beam","Steam+1","Hologram"],"picked":"SKIP","floor":24},{"not_picked":["Doom and Gloom","Cold Snap","Go for the Eyes"],"picked":"SKIP","floor":25},{"not_picked":["Gash+1","Turbo","Storm"],"picked":"Sunder+1","floor":27},{"not_picked":["Conserve Battery","Gash+1","FTL+1"],"picked":"Echo Form","floor":30},{"not_picked":["Conserve Battery","Cold Snap+1","Gash+1","Redo"],"picked":"SKIP","floor":31},{"not_picked":["Hyperbeam+1","Multi-Cast","Reboot"],"picked":"Fission","floor":33},{"not_picked":["Conserve Battery","Sweeping Beam+1","Stack+1"],"picked":"Consume+1","floor":35},{"not_picked":["Steam Power","Loop","Tempest"],"picked":"Capacitor","floor":36},{"not_picked":["Hologram","White Noise","Self Repair"],"picked":"Capacitor+1","floor":40},{"not_picked":["Reinforced Body+1","Fission","Gash+1"],"picked":"Coolheaded+1","floor":42},{"not_picked":["Defragment","Genetic Algorithm+1","Ball Lightning+1"],"picked":"All For One+1","floor":44},{"not_picked":["Fusion+1","Heatsinks","Sweeping Beam+1","Stack+1"],"picked":"SKIP","floor":46},{"not_picked":["Steam+1","Scrape+1","Ball Lightning+1"],"picked":"Rainbow+1","floor":48},{"not_picked":["Stack+1","Gash+1","Go for the Eyes+1","Capacitor"],"picked":"SKIP","floor":55}],"player_experience":1260873,"relics_obtained":[{"floor":7,"key":"Juzu Bracelet"},{"floor":9,"key":"Pocketwatch"},{"floor":12,"key":"Pear"},{"floor":25,"key":"Question Card"},{"floor":26,"key":"Molten Egg 2"},{"floor":30,"key":"Bronze Scales"},{"floor":37,"key":"Ginger"},{"floor":40,"key":"Sundial"},{"floor":44,"key":"Toxic Egg 2"},{"floor":46,"key":"CaptainsWheel"},{"floor":48,"key":"HornCleat"},{"floor":55,"key":"Mummified Hand"}],"event_choices":[{"damage_healed":0,"gold_gain":0,"cards_transformed":["Strike_B"],"player_choice":"Change","damage_taken":0,"max_hp_gain":0,"max_hp_loss":0,"event_name":"Living Wall","floor":2,"gold_loss":0,"cards_obtained":["FTL"]},{"damage_healed":0,"gold_gain":0,"player_choice":"Upgraded","damage_taken":0,"max_hp_gain":0,"max_hp_loss":0,"event_name":"Upgrade Shrine","floor":19,"gold_loss":0,"cards_upgraded":["Electrodynamics"]},{"damage_healed":0,"gold_gain":0,"player_choice":"Obtained Relic","damage_taken":0,"relics_obtained":["Peace Pipe"],"max_hp_gain":0,"max_hp_loss":0,"event_name":"Addict","floor":20,"gold_loss":85},{"damage_healed":0,"gold_gain":0,"player_choice":"Became a Ghost","damage_taken":0,"max_hp_gain":0,"max_hp_loss":41,"event_name":"Ghosts","floor":22,"gold_loss":0,"cards_obtained":["Ghostly","Ghostly","Ghostly"]},{"cards_removed":["Strike_B"],"damage_healed":0,"gold_gain":0,"player_choice":"Offered Basic","damage_taken":0,"max_hp_gain":0,"max_hp_loss":0,"event_name":"Bonfire Elementals","floor":29,"gold_loss":0},{"damage_healed":0,"gold_gain":0,"player_choice":"Fight","damage_taken":0,"max_hp_gain":0,"max_hp_loss":0,"event_name":"MindBloom","floor":37,"gold_loss":0},{"damage_healed":0,"gold_gain":0,"player_choice":"Ignored","damage_taken":0,"max_hp_gain":0,"max_hp_loss":0,"event_name":"SecretPortal","floor":39,"gold_loss":0}],"is_beta":false,"boss_relics":[{"not_picked":["Astrolabe","SlaversCollar"],"picked":"Ectoplasm"},{"not_picked":["Nuclear Battery","Calling Bell"],"picked":"Snecko Eye"}],"items_purged_floors":[21],"is_endless":false,"potions_floor_spawned":[1,7,12,13,16,18,27,31,40,42,44],"ascension_level":20}