{"gold_per_floor":[119,119,119,194,209,235,255,269,321,336,369,385,385,397,397,470,470,450,36,53,0,0,0,0,0,0,0,10,10,29,29,29,107,107,122,141,66,78,78,78],"floor_reached":40,"playtime":1878,"items_purged":["Strike_B"],"score":946,"play_id":"b01b0c28-c505-419c-947f-52608d95dfb4","local_time":"20240119011438","is_ascension_mode":true,"campfire_choices":[{"data":"Sweeping Beam","floor":13,"key":"SMITH"},{"floor":15,"key":"REST"},{"floor":23,"key":"REST"},{"data":"Defragment","floor":32,"key":"SMITH"}],"neow_cost":"NONE","seed_source_timestamp":750538745876100,"circlet_count":0,"master_deck":["AscendersBane","Defend_B","Defend_B","Defend_B+1","Defend_B","Zap","Dualcast","Rebound+1","Hologram","Sweeping Beam+1","Coolheaded","Compile Driver","Cold Snap","Self Repair","Echo Form","Echo Form","Defragment+1","Lockon","Rainbow","Ghostly","Ghostly","Ghostly","Genetic Algorithm","Coolheaded","Genetic Algorithm","Apotheosis"],"relics":["FrozenCore","NeowsBlessing","Kunai","Regal Pillow","Happy Flower","Gambling Chip","PreservedInsect","Shuriken","Sozu"],"potions_floor_usage":[11,20,20,33],"damage_taken":[{"damage":0,"enemies":"Small Slimes","floor":1,"turns":1},{"damage":0,"enemies":"Jaw Worm","floor":5,"turns":1},{"damage":0,"enemies":"Gremlin Nob","floor":6,"turns":1},{"damage":0,"enemies":"2 Louse","floor":7,"turns":2},{"damage":0,"enemies":"Blue Slaver","floor":8,"turns":3},{"damage":12,"enemies":"Looter","floor":10,"turns":4},{"damage":25,"enemies":"Lagavulin","floor":11,"turns":6},{"damage":14,"enemies":"Large Slime","floor":12,"turns":8},{"damage":0,"enemies":"2 Fungi Beasts","floor":14,"turns":6},{"damage":29,"enemies":"The Guardian","floor":16,"turns":16},{"damage":20,"enemies":"2 Thieves","floor":18,"turns":4},{"damage":29,"enemies":"3 Byrds","floor":20,"turns":3},{"damage":24,"enemies":"Snake Plant","floor":28,"turns":12},{"damage":12,"enemies":"Centurion and Healer","floor":30,"turns":9},{"damage":0,"enemies":"Collector","floor":33,"turns":16},{"damage":13,"enemies":"Orb Walker","floor":35,"turns":7},{"damage":1,"enemies":"3 Darklings","floor":36,"turns":5},{"damage":0,"enemies":"Jaw Worm Horde","floor":38,"turns":7},{"damage":56,"enemies":"Reptomancer","floor":40,"turns":2}],"seed_played":"-9211676095116114079","potions_obtained":[{"floor":5,"key":"EssenceOfDarkness"},{"floor":6,"key":"FairyPotion"},{"floor":11,"key":"PowerPotion"},{"floor":12,"key":"PotionOfCapacity"},{"floor":18,"key":"EssenceOfSteel"},{"floor":28,"key":"ColorlessPotion"}],"is_trial":false,"path_per_floor":["M","?","?","?","M","E","M","M","T","M","E","M","R","M","R","B",null,"M","$","M","?","?","R","$","?","T","?","M","T","M","$","R","B",null,"M","M","$","M","?","E"],"character_chosen":"DEFECT","items_purchased":["Gambling Chip","DistilledChaos"],"campfire_rested":2,"item_purchase_floors":[19,19],"current_hp_per_floor":[64,43,36,25,25,25,25,25,25,13,21,14,14,21,57,35,62,42,42,13,13,13,49,49,35,35,28,18,18,20,20,20,34,39,40,40,40,40,30,0],"gold":78,"neow_bonus":"THREE_ENEMY_KILL","is_prod":false,"is_daily":false,"chose_seed":false,"campfire_upgraded":2,"win_rate":0,"timestamp":1705655678,"path_taken":["M","?","?","?","M","E","M","M","T","M","E","M","R","M","R","BOSS","M","$","M","?","?","R","$","?","T","?","M","?","M","?","R","BOSS","M","M","$","M","?","E"],"build_version":"2022-12-18","purchased_purges":1,"victory":false,"max_hp_per_floor":[71,71,71,71,71,71,71,71,71,71,71,71,71,71,71,71,71,71,71,71,71,71,71,71,35,35,40,40,40,40,40,40,40,40,40,40,40,40,40,40],"card_choices":[{"not_picked":["Steam","Barrage"],"picked":"Rebound","floor":1},{"not_picked":["Steam","Creative AI"],"picked":"Hologram","floor":5},{"not_picked":["Hologram","Auto Shields"],"picked":"Sweeping Beam","floor":6},{"not_picked":["Consume","Barrage"],"picked":"Coolheaded","floor":7},{"not_picked":["Aggregate","Sweeping Beam"],"picked":"Compile Driver","floor":8},{"not_picked":["Sweeping Beam","Streamline"],"picked":"Cold Snap","floor":10},{"not_picked":["Gash","Undo"],"picked":"Self Repair","floor":11},{"not_picked":["Hologram","Gash","Steam"],"picked":"SKIP","floor":12},{"not_picked":["Rebound","Sweeping Beam"],"picked":"Echo Form","floor":14},{"not_picked":["Seek","All For One"],"picked":"Echo Form","floor":16},{"not_picked":["Beam Cell","Compile Driver+1"],"picked":"Defragment","floor":18},{"not_picked":["Hologram+1","Sweeping Beam","Cold Snap"],"picked":"SKIP","floor":20},{"not_picked":["Cold Snap","Tempest"],"picked":"Genetic Algorithm","floor":28},{"not_picked":["Cold Snap+1","Go for the Eyes","Stack"],"picked":"SKIP","floor":30},{"not_picked":["Steam","Chaos"],"picked":"Coolheaded","floor":35},{"not_picked":["Hologram","Compile Driver","Leap+1"],"picked":"SKIP","floor":36},{"not_picked":["Ball Lightning","Scrape"],"picked":"Genetic Algorithm","floor":38},{"not_picked":["Madness","Good Instincts"],"picked":"Apotheosis","floor":39}],"player_experience":1247142,"relics_obtained":[{"floor":6,"key":"Kunai"},{"floor":9,"key":"Regal Pillow"},{"floor":11,"key":"Happy Flower"},{"floor":26,"key":"PreservedInsect"},{"floor":29,"key":"Shuriken"}],"event_choices":[{"damage_healed":0,"gold_gain":0,"player_choice":"Entered Light","damage_taken":21,"max_hp_gain":0,"max_hp_loss":0,"event_name":"Shining Light","floor":2,"gold_loss":0,"cards_upgraded":["Defend_B","Rebound"]},{"cards_removed":["Strike_B"],"damage_healed":0,"gold_gain":0,"player_choice":"Card Removal","damage_taken":7,"max_hp_gain":0,"max_hp_loss":0,"event_name":"Golden Wing","floor":3,"gold_loss":0},{"damage_healed":0,"gold_gain":75,"player_choice":"Gather Gold","damage_taken":11,"max_hp_gain":0,"max_hp_loss":0,"event_name":"World of Goop","floor":4,"gold_loss":0},{"damage_healed":0,"gold_gain":0,"player_choice":"Paid Fearfully","damage_taken":0,"max_hp_gain":0,"max_hp_loss":0,"event_name":"Masked Bandits","floor":21,"gold_loss":53},{"damage_healed":0,"gold_gain":0,"cards_transformed":["Strike_B","Strike_B"],"player_choice":"Became Test Subject","damage_taken":0,"max_hp_gain":0,"max_hp_loss":0,"event_name":"Drug Dealer","floor":22,"gold_loss":0,"cards_obtained":["Lockon","Rainbow"]},{"damage_healed":0,"gold_gain":0,"player_choice":"Became a Ghost","damage_taken":0,"max_hp_gain":0,"max_hp_loss":36,"event_name":"Ghosts","floor":25,"gold_loss":0,"cards_obtained":["Ghostly","Ghostly","Ghostly"]},{"damage_healed":0,"gold_gain":0,"player_choice":"Shed Blood","damage_taken":12,"max_hp_gain":5,"max_hp_loss":0,"event_name":"Forgotten Altar","floor":27,"gold_loss":0},{"damage_healed":0,"gold_gain":0,"player_choice":"Memory 3","damage_taken":10,"max_hp_gain":0,"max_hp_loss":0,"event_name":"SensoryStone","floor":39,"gold_loss":0}],"is_beta":false,"boss_relics":[{"not_picked":["Tiny House","SacredBark"],"picked":"FrozenCore"},{"not_picked":["Empty Cage","Astrolabe"],"picked":"Sozu"}],"items_purged_floors":[37],"is_endless":false,"potions_floor_spawned":[5,6,11,12,18,28,36],"killed_by":"Reptomancer","ascension_level":20}