{"gold_per_floor":[110,110,135,38,38,38,79,79,104,148,163,163,207,230,230,321,321,340,354,10,50,50,50,100,120,120,120,160,85,85,128,128,217,217,237,32,52,111,132,132,132,132,132,170,170,195,238,276,276,276,276,276,276,39,77,77],"floor_reached":56,"playtime":3564,"items_purged":["Strike_B","Strike_B","Strike_B"],"score":2024,"play_id":"7d330d3e-c3f5-47fb-b298-e140301d0c3c","local_time":"20240202201011","is_ascension_mode":true,"campfire_choices":[{"data":"Dramatic Entrance","floor":6,"key":"SMITH"},{"data":"Streamline","floor":8,"key":"SMITH"},{"data":"Hologram","floor":12,"key":"SMITH"},{"data":"Reprogram","floor":15,"key":"SMITH"},{"data":"Skim","floor":23,"key":"SMITH"},{"floor":27,"key":"REST"},{"data":"Reprogram","floor":32,"key":"SMITH"},{"data":"Hologram","floor":40,"key":"SMITH"},{"data":"Turbo","floor":41,"key":"SMITH"},{"data":"Self Repair","floor":42,"key":"SMITH"},{"floor":49,"key":"RECALL"},{"data":"Echo Form","floor":53,"key":"SMITH"}],"neow_cost":"NONE","seed_source_timestamp":2026656811416600,"circlet_count":0,"master_deck":["AscendersBane","Defend_B","Defend_B","Defend_B","Defend_B","Conserve Battery","Dramatic Entrance+1","Streamline+1","Rebound+1","Hologram+1","Reprogram+1","Sweeping Beam+1","Reinforced Body+1","Melter+1","Beam Cell+1","Leap+1","Skim+1","FTL+1","Reprogram+1","Echo Form+1","Turbo+1","Flash of Steel+1","Hologram+1","Self Repair+1","Aggregate+1","Go for the Eyes+1","Meteor Strike+1"],"relics":["Cracked Core","NeowsBlessing","Golden Idol","PreservedInsect","Blood Vial","Molten Egg 2","Bottled Lightning","Astrolabe","Gambling Chip","Red Mask","Mercury Hourglass","Pen Nib","WingedGreaves","Coffee Dripper","Torii","StrikeDummy","Akabeko","Gremlin Horn","HornCleat","Whetstone"],"potions_floor_usage":[13,18,44,48,55],"damage_taken":[{"damage":0,"enemies":"2 Louse","floor":1,"turns":1},{"damage":0,"enemies":"Small Slimes","floor":3,"turns":1},{"damage":0,"enemies":"Gremlin Nob","floor":7,"turns":1},{"damage":18,"enemies":"Lagavulin","floor":10,"turns":5},{"damage":0,"enemies":"Jaw Worm","floor":11,"turns":1},{"damage":0,"enemies":"3 Sentries","floor":13,"turns":4},{"damage":9,"enemies":"3 Louse","floor":14,"turns":2},{"damage":29,"enemies":"Slime Boss","floor":16,"turns":7},{"damage":5,"enemies":"Chosen","floor":18,"turns":4},{"damage":10,"enemies":"Shell Parasite","floor":19,"turns":5},{"damage":4,"enemies":"Masked Bandits","floor":21,"turns":3},{"damage":12,"enemies":"Chosen and Byrds","floor":25,"turns":7},{"damage":13,"enemies":"Book of Stabbing","floor":28,"turns":4},{"damage":12,"enemies":"Gremlin Leader","floor":31,"turns":3},{"damage":6,"enemies":"Champ","floor":33,"turns":17},{"damage":13,"enemies":"3 Darklings","floor":35,"turns":5},{"damage":0,"enemies":"Orb Walker","floor":37,"turns":2},{"damage":24,"enemies":"2 Orb Walkers","floor":38,"turns":5},{"damage":30,"enemies":"Transient","floor":39,"turns":6},{"damage":8,"enemies":"Reptomancer","floor":44,"turns":10},{"damage":1,"enemies":"Writhing Mass","floor":46,"turns":11},{"damage":13,"enemies":"Giant Head","floor":47,"turns":7},{"damage":37,"enemies":"Reptomancer","floor":48,"turns":5},{"damage":1,"enemies":"Time Eater","floor":50,"turns":16},{"damage":37,"enemies":"Donu and Deca","floor":51,"turns":12},{"damage":45,"enemies":"Shield and Spear","floor":55,"turns":8},{"damage":16,"enemies":"The Heart","floor":56,"turns":5}],"seed_played":"-2128724659480289433","potions_obtained":[{"floor":7,"key":"Regen Potion"},{"floor":16,"key":"Swift Potion"},{"floor":19,"key":"Explosive Potion"},{"floor":21,"key":"SmokeBomb"},{"floor":35,"key":"BlessingOfTheForge"},{"floor":38,"key":"FairyPotion"},{"floor":47,"key":"EssenceOfSteel"}],"is_trial":false,"path_per_floor":["M","?","M","$","?","R","E","R","T","E","M","R","E","M","R","B",null,"M","M","$","?","?","R","T","M","T","R","E","$","?","E","R","B",null,"M","$","M","?","M","R","R","R","T","E","?","M","E","E","R","B","B",null,"R","$","E","B"],"character_chosen":"DEFECT","items_purchased":["Dramatic Entrance","Gambling Chip","Flash of Steel+1","Go for the Eyes+1","SpeedPotion"],"campfire_rested":1,"item_purchase_floors":[4,20,36,54,54],"current_hp_per_floor":[64,64,64,64,64,64,64,64,64,46,48,48,62,55,55,28,55,52,44,44,42,42,42,42,32,32,51,40,40,40,30,30,26,55,44,44,46,24,19,19,19,19,19,33,33,54,43,28,28,49,34,57,57,57,14,0],"gold":77,"neow_bonus":"THREE_ENEMY_KILL","is_prod":false,"is_daily":false,"chose_seed":false,"campfire_upgraded":10,"win_rate":0,"timestamp":1706933411,"path_taken":["M","?","M","$","?","R","E","R","T","E","M","R","E","M","R","BOSS","M","M","$","?","?","R","?","M","T","R","E","?","?","E","R","BOSS","M","$","M","?","M","R","R","R","T","E","?","M","E","E","R","BOSS","BOSS","R","$","E","BOSS"],"build_version":"2022-12-18","purchased_purges":3,"victory":false,"max_hp_per_floor":[71,64,64,64,64,64,64,64,64,64,64,64,64,64,64,64,64,64,64,64,64,64,64,64,64,64,64,64,64,64,64,64,64,64,64,64,64,64,64,64,64,64,64,64,64,64,64,64,64,64,64,64,64,64,64,64],"card_choices":[{"not_picked":["Stack","Blizzard","Fusion"],"picked":"SKIP","floor":1},{"not_picked":["Steam","Loop"],"picked":"Conserve Battery","floor":3},{"not_picked":["Turbo","Static Discharge"],"picked":"Streamline","floor":7},{"not_picked":["Static Discharge","Aggregate"],"picked":"Rebound+1","floor":10},{"not_picked":["Coolheaded","Compile Driver+1"],"picked":"Hologram","floor":11},{"not_picked":["Turbo","Storm"],"picked":"Reprogram","floor":13},{"not_picked":["Amplify","Gash+1"],"picked":"Hello World","floor":14},{"not_picked":["Rebound+1","Genetic Algorithm"],"picked":"Beam Cell+1","floor":18},{"not_picked":["Turbo+1","Stack","Fusion"],"picked":"SKIP","floor":19},{"not_picked":["Consume","Defragment"],"picked":"Leap+1","floor":21},{"not_picked":["Coolheaded","Steam"],"picked":"FTL+1","floor":25},{"not_picked":["Genetic Algorithm","Scrape+1"],"picked":"Reprogram","floor":28},{"not_picked":["Barrage+1","Force Field","Darkness"],"picked":"SKIP","floor":31},{"not_picked":["Creative AI","Fission"],"picked":"Echo Form","floor":33},{"not_picked":["Leap","Cold Snap+1"],"picked":"Turbo","floor":35},{"not_picked":["Doom and Gloom+1","Leap","Consume"],"picked":"SKIP","floor":37},{"not_picked":["Ball Lightning+1","Gash+1"],"picked":"Hologram","floor":38},{"not_picked":["Cold Snap+1","Capacitor"],"picked":"Self Repair","floor":39},{"not_picked":["Chaos","Blizzard+1","Turbo"],"picked":"SKIP","floor":44},{"not_picked":["Static Discharge","Rebound+1"],"picked":"Aggregate+1","floor":46},{"not_picked":["Turbo","Streamline+1","Chaos"],"picked":"SKIP","floor":47},{"not_picked":["Barrage+1","Doom and Gloom+1","Coolheaded"],"picked":"SKIP","floor":48},{"not_picked":["Tempest","Biased Cognition"],"picked":"Meteor Strike+1","floor":55}],"player_experience":1304821,"relics_obtained":[{"floor":7,"key":"PreservedInsect"},{"floor":9,"key":"Blood Vial"},{"floor":10,"key":"Molten Egg 2"},{"floor":13,"key":"Bottled Lightning"},{"floor":21,"key":"Red Mask"},{"floor":26,"key":"Mercury Hourglass"},{"floor":28,"key":"Pen Nib"},{"floor":31,"key":"WingedGreaves"},{"floor":38,"key":"Torii"},{"floor":43,"key":"StrikeDummy"},{"floor":44,"key":"Akabeko"},{"floor":47,"key":"Gremlin Horn"},{"floor":48,"key":"HornCleat"},{"floor":55,"key":"Whetstone"}],"event_choices":[{"damage_healed":0,"gold_gain":0,"player_choice":"Lose Max HP","damage_taken":0,"relics_obtained":["Golden Idol"],"max_hp_gain":0,"max_hp_loss":7,"event_name":"Golden Idol","floor":2,"gold_loss":0},{"damage_healed":0,"gold_gain":0,"player_choice":"Leave","damage_taken":0,"max_hp_gain":0,"max_hp_loss":0,"event_name":"The Cleric","floor":5,"gold_loss":0},{"damage_healed":0,"gold_gain":0,"player_choice":"Fought Bandits","damage_taken":0,"max_hp_gain":0,"max_hp_loss":0,"event_name":"Masked Bandits","floor":21,"gold_loss":0},{"damage_healed":0,"gold_gain":0,"player_choice":"Read","damage_taken":0,"max_hp_gain":0,"max_hp_loss":0,"event_name":"The Library","floor":22,"gold_loss":0,"cards_obtained":["Skim"]},{"damage_healed":0,"gold_gain":0,"player_choice":"Ignored","damage_taken":0,"max_hp_gain":0,"max_hp_loss":0,"event_name":"Vampires","floor":30,"gold_loss":0},{"damage_healed":0,"gold_gain":0,"player_choice":"Fight","damage_taken":0,"max_hp_gain":0,"max_hp_loss":0,"event_name":"Mysterious Sphere","floor":38,"gold_loss":0},{"cards_removed":["Hello World"],"damage_healed":0,"gold_gain":0,"player_choice":"Removed Power","damage_taken":0,"max_hp_gain":0,"max_hp_loss":0,"event_name":"Falling","floor":45,"gold_loss":0}],"is_beta":false,"boss_relics":[{"not_picked":["Runic Dome","Velvet Choker"],"picked":"Astrolabe"},{"not_picked":["Pandora\u0027s Box","Sozu"],"picked":"Coffee Dripper"}],"items_purged_floors":[29,36,54],"is_endless":false,"potions_floor_spawned":[7,13,16,19,21,28,35,38,47],"killed_by":"The Heart","ascension_level":20}