{"gold_per_floor":[110,110,125,40,57,57,85,85,110,70,83,110,110,126,126,198,198,214,229,244,256,15,15,44,67,79,102,148,176,207,250,262,349,361,389,412,424],"floor_reached":37,"playtime":2473,"items_purged":["Strike_B"],"score":940,"play_id":"40771911-599f-4d92-ad32-c89cd09072f9","local_time":"20240202213106","is_ascension_mode":true,"campfire_choices":[{"data":"Defragment","floor":6.0,"key":"SMITH"},{"data":"Loop","floor":8.0,"key":"SMITH"},{"data":"Loop","floor":13.0,"key":"SMITH"},{"data":"White Noise","floor":15.0,"key":"SMITH"},{"data":"Sunder","floor":23.0,"key":"SMITH"},{"data":"Amplify","floor":32,"key":"SMITH"}],"neow_cost":"TEN_PERCENT_HP_LOSS","seed_source_timestamp":2032569762974900,"circlet_count":0,"master_deck":["AscendersBane","Strike_B","Strike_B","Strike_B","Defend_B","Defend_B","Defend_B","Defend_B","Zap","Dualcast+1","Master of Strategy","Defragment+1","Self Repair","Cold Snap","Loop+1","Glacier","Coolheaded","Loop+1","White Noise+1","Core Surge","Sunder+1","Defragment+1","Chill","Gash","Consume","Coolheaded+1","Amplify+1","Creative AI"],"special_seed":0,"relics":["Cracked Core","Blood Vial","Regal Pillow","Cables","Cursed Key","DollysMirror","MawBank","Singing Bowl","Pantograph","Nuclear Battery"],"potions_floor_usage":[],"damage_taken":[{"damage":1.0,"enemies":"2 Louse","floor":1.0,"turns":2.0},{"damage":0.0,"enemies":"Cultist","floor":3.0,"turns":3.0},{"damage":2.0,"enemies":"Jaw Worm","floor":5.0,"turns":3.0},{"damage":23.0,"enemies":"Gremlin Nob","floor":7.0,"turns":4.0},{"damage":7.0,"enemies":"Looter","floor":10.0,"turns":4.0},{"damage":0.0,"enemies":"2 Fungi Beasts","floor":11.0,"turns":4.0},{"damage":14.0,"enemies":"3 Sentries","floor":12.0,"turns":16.0},{"damage":13.0,"enemies":"Large Slime","floor":14.0,"turns":4.0},{"damage":9.0,"enemies":"Slime Boss","floor":16.0,"turns":22.0},{"damage":3.0,"enemies":"Shell Parasite","floor":18.0,"turns":5.0},{"damage":7.0,"enemies":"Spheric Guardian","floor":19.0,"turns":7.0},{"damage":18.0,"enemies":"Snecko","floor":20.0,"turns":5.0},{"damage":3.0,"enemies":"Snake Plant","floor":21.0,"turns":5.0},{"damage":0.0,"enemies":"Book of Stabbing","floor":24.0,"turns":6.0},{"damage":0.0,"enemies":"3 Cultists","floor":25.0,"turns":6.0},{"damage":0.0,"enemies":"Sentry and Sphere","floor":27.0,"turns":5.0},{"damage":24.0,"enemies":"Gremlin Leader","floor":28.0,"turns":13.0},{"damage":7,"enemies":"Shelled Parasite and Fungi","floor":29,"turns":8},{"damage":10,"enemies":"3 Cultists","floor":30,"turns":7},{"damage":3,"enemies":"Book of Stabbing","floor":31,"turns":8},{"damage":13,"enemies":"Collector","floor":33,"turns":10},{"damage":28,"enemies":"3 Darklings","floor":35,"turns":14},{"damage":41,"enemies":"3 Shapes","floor":36,"turns":6},{"damage":27,"enemies":"Jaw Worm Horde","floor":37,"turns":2}],"seed_played":"2887409449377192206","potions_obtained":[{"floor":3.0,"key":"Block Potion"},{"floor":5.0,"key":"PotionOfCapacity"},{"floor":14.0,"key":"SkillPotion"},{"floor":16.0,"key":"LiquidBronze"},{"floor":25.0,"key":"BlessingOfTheForge"},{"floor":27.0,"key":"Energy Potion"}],"is_trial":false,"path_per_floor":["M","?","M","$","M","R","E","R","T","M","M","E","R","M","R","B",null,"M","M","M","M","$","R","E","M","T","M","E","M","M","E","R","B",null,"M","M","M"],"character_chosen":"DEFECT","items_purchased":["Self Repair","DollysMirror"],"campfire_rested":0,"item_purchase_floors":[4,22],"current_hp_per_floor":[63,63,63,63,64,64,48,48,48,50,59,54,54,50,50,50,61,60,62,46,52,52,52,61,64,64,64,49,51,50,49,49,66,66,54,17,0],"gold":424,"neow_bonus":"RANDOM_COLORLESS_2","is_prod":false,"is_daily":false,"chose_seed":false,"campfire_upgraded":6,"win_rate":0,"timestamp":1706938266,"path_taken":["M","?","M","$","M","R","E","R","T","M","M","E","R","M","R","BOSS","M","M","M","?","$","R","E","M","T","?","E","M","M","E","R","BOSS","M","M","M"],"build_version":"2022-12-18","purchased_purges":1,"victory":false,"max_hp_per_floor":[64,64,64,64,64,64,64,64,64,64,64,64,64,64,64,64,64,64,64,64,64,64,64,64,64,64,64,66,66,66,66,66,66,66,68,70,70],"card_choices":[{"not_picked":["Thinking Ahead","Panache"],"picked":"Master of Strategy","floor":0.0},{"not_picked":["Fusion","Loop","Scrape"],"picked":"SKIP","floor":1.0},{"not_picked":["Double Energy","Steam Power"],"picked":"Defragment","floor":3.0},{"not_picked":["Genetic Algorithm","Gash"],"picked":"Cold Snap","floor":5.0},{"not_picked":["Fusion","Steam"],"picked":"Loop","floor":7.0},{"not_picked":["Rebound","Steam"],"picked":"Glacier","floor":10.0},{"not_picked":["Force Field","Melter"],"picked":"Coolheaded","floor":11.0},{"not_picked":["Hologram","Heatsinks"],"picked":"Loop","floor":12.0},{"not_picked":["Darkness","Rebound"],"picked":"White Noise","floor":14.0},{"not_picked":["Machine Learning","Multi-Cast"],"picked":"Core Surge","floor":16.0},{"not_picked":["Stack","Beam Cell","Scrape"],"picked":"SKIP","floor":18.0},{"not_picked":["Ball Lightning","Compile Driver","Streamline"],"picked":"SKIP","floor":19.0},{"not_picked":["Cold Snap","Reboot","Conserve Battery"],"picked":"SKIP","floor":20.0},{"not_picked":["Cold Snap","Streamline"],"picked":"Sunder","floor":21.0},{"not_picked":["Lockon","Streamline"],"picked":"Chill","floor":24.0},{"not_picked":["Cold Snap","Barrage"],"picked":"Gash","floor":25.0},{"not_picked":["Auto Shields","Sweeping Beam+1","Self Repair"],"picked":"SKIP","floor":27.0},{"not_picked":["Melter","Stack+1","BootSequence"],"picked":"Singing Bowl","floor":28.0},{"not_picked":["Reprogram","Ball Lightning"],"picked":"Consume","floor":29},{"not_picked":["Defragment","Leap"],"picked":"Coolheaded+1","floor":30},{"not_picked":["Reboot","Steam+1"],"picked":"Amplify","floor":31},{"not_picked":["Core Surge","All For One"],"picked":"Creative AI","floor":33},{"not_picked":["Gash","Streamline","Go for the Eyes"],"picked":"Singing Bowl","floor":35},{"not_picked":["Streamline+1","Conserve Battery","Leap"],"picked":"Singing Bowl","floor":36}],"player_experience":1310413,"relics_obtained":[{"floor":7.0,"key":"Blood Vial"},{"floor":9.0,"key":"Regal Pillow"},{"floor":12.0,"key":"Cables"},{"floor":24.0,"key":"MawBank"},{"floor":28.0,"key":"Singing Bowl"},{"floor":31,"key":"Pantograph"}],"event_choices":[{"damage_healed":0.0,"max_hp_gain":0.0,"max_hp_loss":0.0,"gold_gain":0.0,"event_name":"Upgrade Shrine","player_choice":"Upgraded","floor":2.0,"gold_loss":0.0,"damage_taken":0.0,"cards_upgraded":["Dualcast"]}],"is_beta":false,"boss_relics":[{"not_picked":["Tiny House","Velvet Choker"],"picked":"Cursed Key"},{"not_picked":["FrozenCore","Runic Dome"],"picked":"Nuclear Battery"}],"items_purged_floors":[22],"is_endless":false,"potions_floor_spawned":[3,5,14,16,20,21,25,27,33,35],"killed_by":"Jaw Worm Horde","ascension_level":20}