{"gold_per_floor":[15,15,34,52,70,70,106,106,132,154,204,216,248,259,259,346,346,361,386,96,114,132,132,157,184,263,263,283,283,295,316,316,316],"floor_reached":33,"playtime":1807,"items_purged":["Strike_B+1"],"score":566,"play_id":"566338a4-bd7c-4a45-9005-0f6d148526b3","local_time":"20240204190915","is_ascension_mode":true,"campfire_choices":[{"data":"Sunder","floor":6,"key":"SMITH"},{"floor":8,"key":"REST"},{"floor":15,"key":"REST"},{"data":"Buffer","floor":23,"key":"SMITH"},{"data":"Defragment","floor":27,"key":"SMITH"},{"data":"Defragment","floor":29,"key":"SMITH"},{"floor":32,"key":"REST"}],"neow_cost":"NO_GOLD","seed_source_timestamp":2197555452064199,"circlet_count":0,"master_deck":["AscendersBane","Zap","Dualcast","Hologram","Buffer+1","Defragment+1","Sunder+1","Glacier","Amplify","Go for the Eyes+1","Electrodynamics","Gash","Redo","Double Energy","Conserve Battery","Defragment+1","Cold Snap"],"relics":["Cracked Core","CeramicFish","Lantern","Whetstone","Empty Cage","ClockworkSouvenir","Akabeko","Singing Bowl"],"potions_floor_usage":[7,7,16,25,25,33],"damage_taken":[{"damage":2,"enemies":"Cultist","floor":1,"turns":4},{"damage":0,"enemies":"Jaw Worm","floor":3,"turns":4},{"damage":22,"enemies":"Small Slimes","floor":4,"turns":3},{"damage":6,"enemies":"Blue Slaver","floor":5,"turns":6},{"damage":15,"enemies":"Gremlin Nob","floor":7,"turns":4},{"damage":0,"enemies":"Large Slime","floor":10,"turns":6},{"damage":6,"enemies":"Exordium Wildlife","floor":12,"turns":6},{"damage":22,"enemies":"3 Sentries","floor":13,"turns":9},{"damage":2,"enemies":"Gremlin Gang","floor":14,"turns":5},{"damage":12,"enemies":"Slime Boss","floor":16,"turns":16},{"damage":0,"enemies":"Chosen","floor":18,"turns":5},{"damage":12,"enemies":"Spheric Guardian","floor":19,"turns":4},{"damage":22,"enemies":"Centurion and Healer","floor":21,"turns":9},{"damage":0,"enemies":"Snecko","floor":24,"turns":6},{"damage":2,"enemies":"Gremlin Leader","floor":25,"turns":6},{"damage":1,"enemies":"3 Cultists","floor":28,"turns":4},{"damage":0,"enemies":"Centurion and Healer","floor":30,"turns":5},{"damage":0,"enemies":"Shelled Parasite and Fungi","floor":31,"turns":8},{"damage":80,"enemies":"Champ","floor":33,"turns":33}],"seed_played":"2253224638950318212","potions_obtained":[{"floor":3,"key":"SteroidPotion"},{"floor":4,"key":"PowerPotion"},{"floor":5,"key":"Strength Potion"},{"floor":13,"key":"AttackPotion"},{"floor":16,"key":"SkillPotion"},{"floor":28,"key":"AttackPotion"}],"is_trial":false,"path_per_floor":["M","?","M","M","M","R","E","R","T","M","?","M","E","M","R","B",null,"M","M","$","M","?","R","M","E","T","R","M","R","M","M","R","B"],"character_chosen":"DEFECT","items_purchased":["ClockworkSouvenir","FocusPotion"],"campfire_rested":3,"item_purchase_floors":[20,20],"current_hp_per_floor":[62,62,62,40,34,34,19,40,40,40,40,34,12,10,31,19,58,58,46,46,24,24,24,24,22,22,22,21,21,23,23,44,0],"gold":316,"neow_bonus":"REMOVE_TWO","is_prod":false,"is_daily":false,"chose_seed":false,"campfire_upgraded":4,"win_rate":0,"timestamp":1707102555,"path_taken":["M","?","M","M","M","R","E","R","T","M","?","M","E","M","R","BOSS","M","?","$","M","?","R","M","E","T","R","M","R","M","M","R","BOSS"],"build_version":"2022-12-18","purchased_purges":1,"victory":false,"max_hp_per_floor":[71,71,71,71,71,71,71,71,71,71,71,71,71,71,71,71,71,71,71,71,71,71,71,71,71,71,71,71,71,73,73,73,73],"card_choices":[{"not_picked":["Conserve Battery","Static Discharge"],"picked":"Hologram","floor":1},{"not_picked":["Redo","Force Field"],"picked":"Defragment","floor":3},{"not_picked":["Melter","Gash"],"picked":"Sunder","floor":4},{"not_picked":["Coolheaded","Redo"],"picked":"Glacier","floor":5},{"not_picked":["Streamline","Consume"],"picked":"Amplify","floor":7},{"not_picked":["Streamline","Conserve Battery"],"picked":"Go for the Eyes","floor":10},{"not_picked":["Steam Power","Conserve Battery","Steam"],"picked":"SKIP","floor":12},{"not_picked":["Stack","Blizzard","Go for the Eyes"],"picked":"SKIP","floor":13},{"not_picked":["Hyperbeam","Rebound","Blizzard"],"picked":"SKIP","floor":14},{"not_picked":["Rainbow","Seek"],"picked":"Electrodynamics","floor":16},{"not_picked":["Sweeping Beam","Rebound","Go for the Eyes"],"picked":"SKIP","floor":18},{"not_picked":["Hologram","Barrage"],"picked":"Gash","floor":19},{"not_picked":["Barrage","Turbo","Stack"],"picked":"SKIP","floor":21},{"not_picked":["Rebound","BootSequence"],"picked":"Conserve Battery","floor":24},{"not_picked":["Sweeping Beam","White Noise","Ball Lightning"],"picked":"SKIP","floor":25},{"not_picked":["Redo","Reinforced Body"],"picked":"Defragment","floor":28},{"not_picked":["Redo","Steam","Reprogram+1"],"picked":"Singing Bowl","floor":30},{"not_picked":["Fusion","FTL"],"picked":"Cold Snap","floor":31}],"player_experience":1316513,"relics_obtained":[{"floor":7,"key":"CeramicFish"},{"floor":9,"key":"Lantern"},{"floor":13,"key":"Whetstone"},{"floor":25,"key":"Akabeko"},{"floor":26,"key":"Singing Bowl"}],"event_choices":[{"damage_healed":0,"gold_gain":0,"cards_transformed":["Defend_B"],"player_choice":"Change","damage_taken":0,"max_hp_gain":0,"max_hp_loss":0,"event_name":"Living Wall","floor":2,"gold_loss":0,"cards_obtained":["Buffer"]},{"damage_healed":0,"gold_gain":50,"player_choice":"Pray","damage_taken":0,"max_hp_gain":0,"max_hp_loss":0,"event_name":"Golden Shrine","floor":11,"gold_loss":0},{"damage_healed":0,"gold_gain":0,"cards_transformed":["Defend_B","Defend_B"],"player_choice":"Became Test Subject","damage_taken":0,"max_hp_gain":0,"max_hp_loss":0,"event_name":"Drug Dealer","floor":22,"gold_loss":0,"cards_obtained":["Redo","Double Energy"]}],"is_beta":false,"boss_relics":[{"not_picked":["Inserter","Busted Crown"],"picked":"Empty Cage"}],"items_purged_floors":[20],"is_endless":false,"potions_floor_spawned":[3,4,5,13,16,24,28],"killed_by":"Champ","ascension_level":20}