{"gold_per_floor":[218,218,229,13,25,25,58,58,83,114,114,128,128,162,162,162],"floor_reached":16,"playtime":538,"items_purged":[],"score":236,"play_id":"1d10e1cc-c21e-4472-8c3a-909726fa574e","local_time":"20240215202809","is_ascension_mode":true,"campfire_choices":[{"data":"Sunder","floor":6,"key":"SMITH"},{"data":"Sweeping Beam","floor":8,"key":"SMITH"},{"data":"Hologram","floor":13,"key":"SMITH"},{"data":"Hyperbeam","floor":15,"key":"SMITH"}],"neow_cost":"NONE","seed_source_timestamp":124162509288200,"circlet_count":0,"master_deck":["AscendersBane","Strike_B+1","Strike_B","Strike_B+1","Defend_B","Defend_B","Defend_B","Defend_B","Zap","Dualcast","Hologram+1","Sweeping Beam+1","Self Repair","Sunder+1","Undo","Steam","Hyperbeam+1"],"relics":["Cracked Core","Akabeko","Whetstone","Bottled Lightning","Nunchaku"],"potions_floor_usage":[7,10,16],"damage_taken":[{"damage":12,"enemies":"Small Slimes","floor":1,"turns":3},{"damage":2,"enemies":"Jaw Worm","floor":3,"turns":4},{"damage":0,"enemies":"2 Louse","floor":5,"turns":2},{"damage":10,"enemies":"3 Sentries","floor":7,"turns":7},{"damage":29,"enemies":"Lagavulin","floor":10,"turns":8},{"damage":0,"enemies":"Looter","floor":12,"turns":2},{"damage":8,"enemies":"Gremlin Nob","floor":14,"turns":3},{"damage":15,"enemies":"Slime Boss","floor":16,"turns":5}],"seed_played":"8788582523795294331","potions_obtained":[{"floor":1,"key":"FearPotion"},{"floor":3,"key":"SpeedPotion"},{"floor":14,"key":"Fire Potion"}],"is_trial":false,"path_per_floor":["M","?","M","$","M","R","E","R","T","E","?","M","R","E","R","B"],"character_chosen":"DEFECT","items_purchased":["Self Repair","Sunder","DuplicationPotion"],"campfire_rested":0,"item_purchase_floors":[4,4,4],"current_hp_per_floor":[52,45,43,43,43,43,40,40,40,18,18,18,18,10,10,0],"gold":162,"neow_bonus":"HUNDRED_GOLD","is_prod":false,"is_daily":false,"chose_seed":false,"campfire_upgraded":4,"win_rate":0,"timestamp":1708057689,"path_taken":["M","?","M","$","M","R","E","R","T","E","?","M","R","E","R","BOSS"],"build_version":"2022-12-18","purchased_purges":0,"victory":false,"max_hp_per_floor":[71,71,71,71,71,71,71,71,71,71,71,71,71,71,71,71],"card_choices":[{"not_picked":["Storm","Double Energy"],"picked":"Hologram","floor":1},{"not_picked":["Heatsinks","Steam"],"picked":"Sweeping Beam","floor":3},{"not_picked":["Steam","Hologram"],"picked":"Undo","floor":5},{"not_picked":["Gash","Static Discharge"],"picked":"Steam","floor":7},{"not_picked":["Hologram","Sweeping Beam","Steam"],"picked":"SKIP","floor":10},{"not_picked":["Double Energy","Force Field","Loop"],"picked":"SKIP","floor":12},{"not_picked":["BootSequence","Ball Lightning"],"picked":"Hyperbeam","floor":14}],"player_experience":1360155,"relics_obtained":[{"floor":7,"key":"Akabeko"},{"floor":9,"key":"Whetstone"},{"floor":10,"key":"Bottled Lightning"},{"floor":14,"key":"Nunchaku"}],"event_choices":[{"cards_removed":["Strike_B"],"damage_healed":0,"gold_gain":0,"player_choice":"Card Removal","damage_taken":7,"max_hp_gain":0,"max_hp_loss":0,"event_name":"Golden Wing","floor":2,"gold_loss":0},{"damage_healed":0,"gold_gain":0,"player_choice":"Ignored","damage_taken":0,"max_hp_gain":0,"max_hp_loss":0,"event_name":"Shining Light","floor":11,"gold_loss":0}],"is_beta":false,"boss_relics":[],"items_purged_floors":[],"is_endless":false,"potions_floor_spawned":[1,3,14],"killed_by":"Slime Boss","ascension_level":20}