{"gold_per_floor":[117,117,142,166,38,38,38,71,71,71,30,30,49,88,88,177,177,195,195,230,230,65,65,108,108,108,108,123,164,164,187,187,187],"floor_reached":33,"playtime":1404,"items_purged":["Strike_B"],"score":578,"play_id":"dcbcfdbe-2d07-4903-97f1-f81f91b912b9","local_time":"20240215201719","is_ascension_mode":true,"campfire_choices":[{"data":"Dualcast","floor":6,"key":"SMITH"},{"data":"Hologram","floor":10,"key":"SMITH"},{"data":"Chaos","floor":12,"key":"SMITH"},{"data":"Zap","floor":15,"key":"SMITH"},{"floor":23,"key":"REST"},{"floor":27,"key":"REST"},{"floor":32,"key":"REST"}],"neow_cost":"NONE","seed_source_timestamp":122649564526100,"circlet_count":0,"master_deck":["AscendersBane","Strike_B","Defend_B","Defend_B","Defend_B","Zap+1","Dualcast+1","Genetic Algorithm","Ball Lightning","Hologram+1","Compile Driver","Chaos+1","Undo","Echo Form","Cold Snap","Cold Snap","Fission","Hologram","Turbo","Chill"],"relics":["Cracked Core","Bronze Scales","Golden Idol","Lizard Tail","CaptainsWheel","Kunai","Philosopher\u0027s Stone","Red Mask","Orrery","Sundial","Pocketwatch","Omamori"],"potions_floor_usage":[13,24,29],"damage_taken":[{"damage":7,"enemies":"Jaw Worm","floor":1,"turns":3},{"damage":10,"enemies":"2 Louse","floor":3,"turns":3},{"damage":9,"enemies":"Small Slimes","floor":4,"turns":2},{"damage":15,"enemies":"Lagavulin","floor":8,"turns":5},{"damage":0,"enemies":"3 Louse","floor":13,"turns":1},{"damage":30,"enemies":"Gremlin Nob","floor":14,"turns":4},{"damage":4,"enemies":"The Guardian","floor":16,"turns":10},{"damage":4,"enemies":"Chosen","floor":18,"turns":4},{"damage":29,"enemies":"Masked Bandits","floor":20,"turns":5},{"damage":27,"enemies":"Slavers","floor":24,"turns":5},{"damage":3,"enemies":"Shell Parasite","floor":28,"turns":4},{"damage":4,"enemies":"Gremlin Leader","floor":29,"turns":6},{"damage":1,"enemies":"Snake Plant","floor":31,"turns":4},{"damage":49,"enemies":"Collector","floor":33,"turns":9}],"seed_played":"6196296001797619535","potions_obtained":[{"floor":4,"key":"SmokeBomb"},{"floor":8,"key":"DuplicationPotion"},{"floor":13,"key":"Ancient Potion"},{"floor":24,"key":"AttackPotion"}],"is_trial":false,"path_per_floor":["M","?","M","M","$","R","?","E","T","R","$","R","M","E","R","B",null,"M","?","?","?","$","R","E","?","T","R","M","E","?","M","R","B"],"character_chosen":"DEFECT","items_purchased":["Explosive Potion","Chaos","Orrery"],"campfire_rested":3,"item_purchase_floors":[5,11,22],"current_hp_per_floor":[57,57,47,38,38,38,31,16,16,16,16,16,16,32,32,28,55,51,51,22,22,22,41,14,14,14,33,30,26,26,25,44,0],"gold":187,"neow_bonus":"RANDOM_COMMON_RELIC","is_prod":false,"is_daily":false,"chose_seed":false,"campfire_upgraded":4,"win_rate":0,"timestamp":1708057039,"path_taken":["M","?","M","M","$","R","?","E","T","R","?","R","?","E","R","BOSS","M","?","?","?","$","R","E","?","T","R","?","E","?","M","R","BOSS"],"build_version":"2022-12-18","purchased_purges":1,"victory":false,"max_hp_per_floor":[71,64,64,64,64,64,64,64,64,64,64,64,64,64,64,64,64,64,64,64,64,64,64,64,64,64,64,64,64,64,64,64,64],"card_choices":[{"not_picked":["Redo","Compile Driver"],"picked":"Genetic Algorithm","floor":1},{"not_picked":["Beam Cell","Coolheaded"],"picked":"Ball Lightning","floor":3},{"not_picked":["Ball Lightning","Fusion"],"picked":"Hologram","floor":4},{"not_picked":["Steam","Amplify"],"picked":"Compile Driver","floor":8},{"not_picked":["Turbo","Sweeping Beam","Darkness"],"picked":"SKIP","floor":13},{"not_picked":["Genetic Algorithm","Static Discharge"],"picked":"Undo","floor":14},{"not_picked":["Hyperbeam","Amplify"],"picked":"Echo Form","floor":16},{"not_picked":["Barrage","Redo"],"picked":"Cold Snap","floor":18},{"not_picked":["Steam Power","Static Discharge"],"picked":"Cold Snap","floor":22},{"not_picked":["Redo","Steam"],"picked":"Fission","floor":22},{"not_picked":["Gash","Recycle"],"picked":"Hologram","floor":22},{"not_picked":["Doom and Gloom","Barrage","Turbo"],"picked":"SKIP","floor":24},{"not_picked":["Doom and Gloom","Barrage"],"picked":"Turbo","floor":24},{"not_picked":["Sweeping Beam","Storm","Auto Shields"],"picked":"SKIP","floor":28},{"not_picked":["Stack","Streamline","Turbo"],"picked":"SKIP","floor":29},{"not_picked":["Hologram","Hello World"],"picked":"Chill","floor":31}],"player_experience":1358751,"relics_obtained":[{"floor":8,"key":"Lizard Tail"},{"floor":9,"key":"CaptainsWheel"},{"floor":14,"key":"Kunai"},{"floor":20,"key":"Red Mask"},{"floor":24,"key":"Sundial"},{"floor":26,"key":"Pocketwatch"},{"floor":29,"key":"Omamori"}],"event_choices":[{"damage_healed":0,"gold_gain":0,"player_choice":"Lose Max HP","damage_taken":0,"relics_obtained":["Golden Idol"],"max_hp_gain":0,"max_hp_loss":7,"event_name":"Golden Idol","floor":2,"gold_loss":0},{"cards_removed":["Defend_B"],"damage_healed":0,"gold_gain":0,"player_choice":"Card Removal","damage_taken":7,"max_hp_gain":0,"max_hp_loss":0,"event_name":"Golden Wing","floor":7,"gold_loss":0},{"cards_removed":["Strike_B"],"damage_healed":0,"gold_gain":0,"player_choice":"Elegance","damage_taken":0,"max_hp_gain":0,"max_hp_loss":0,"event_name":"Back to Basics","floor":19,"gold_loss":0},{"damage_healed":0,"gold_gain":0,"player_choice":"Fought Bandits","damage_taken":0,"max_hp_gain":0,"max_hp_loss":0,"event_name":"Masked Bandits","floor":20,"gold_loss":0},{"cards_removed":["Strike_B"],"damage_healed":0,"gold_gain":0,"player_choice":"Purged","damage_taken":0,"max_hp_gain":0,"max_hp_loss":0,"event_name":"Purifier","floor":25,"gold_loss":0},{"damage_healed":0,"gold_gain":0,"player_choice":"0 cards matched","damage_taken":0,"max_hp_gain":0,"max_hp_loss":0,"event_name":"Match and Keep!","floor":30,"gold_loss":0,"cards_obtained":[]}],"is_beta":false,"boss_relics":[{"not_picked":["Busted Crown","SlaversCollar"],"picked":"Philosopher\u0027s Stone"}],"items_purged_floors":[5],"is_endless":false,"potions_floor_spawned":[4,8,13,20,24],"killed_by":"Collector","ascension_level":20}