{"gold_per_floor":[114,131,144,160,235,235,260,260,335,25,25,25,59,18,18,113,113,138,138,10,33,47,47,71,106,106,106,106,145,164,197,197,293,293,309,1,334,334,353,379,379,408,408,408,426,426,52,69,69,69,69,69,69,7,7],"floor_reached":55,"playtime":3171,"items_purged":["Strike_G","Grand Finale","Pain"],"score":2182,"play_id":"5a7e054a-f04d-4a00-87a0-556ca4843c7a","local_time":"20231227130137","is_ascension_mode":true,"campfire_choices":[{"data":"Dash","floor":6.0,"key":"SMITH"},{"data":"Dagger Spray","floor":8.0,"key":"SMITH"},{"data":"Cloak And Dagger","floor":15.0,"key":"SMITH"},{"data":"Blade Dance","floor":23.0,"key":"SMITH"},{"data":"Underhanded Strike","floor":27,"key":"SMITH"},{"floor":32,"key":"REST"},{"data":"Apotheosis","floor":41,"key":"SMITH"},{"data":"Calculated Gamble","floor":44,"key":"SMITH"},{"floor":46,"key":"REST"},{"floor":49,"key":"RECALL"},{"floor":53,"key":"REST"}],"neow_cost":"NONE","seed_source_timestamp":1216738721412400,"circlet_count":0,"master_deck":["AscendersBane","Survivor","Neutralize","Slice","Blade Dance+1","Dagger Spray+1","Dash+1","Backstab","Tools of the Trade","Cloak And Dagger+1","After Image","Footwork+1","Underhanded Strike+1","Malaise","Acrobatics","Blade Dance","Terror","Night Terror","Footwork","Acrobatics","Die Die Die","Choke","Footwork","Eviscerate","Wraith Form v2","Apotheosis+1","Deflect","Deflect","Calculated Gamble+1","Prepared+1","Deflect+1","Dodge and Roll+1","Tactician+1","PiercingWail+1","Well Laid Plans"],"special_seed":0,"relics":["Ring of the Snake","Thread and Needle","The Courier","Sling","Oddly Smooth Stone","Centennial Puzzle","Cursed Key","Happy Flower","Lantern","Pen Nib","Art of War","Pandora\u0027s Box","White Beast Statue","Toxic Egg 2","ClockworkSouvenir"],"potions_floor_usage":[29,33,33,48],"damage_taken":[{"damage":3.0,"enemies":"Jaw Worm","floor":1.0,"turns":4.0},{"damage":1.0,"enemies":"Small Slimes","floor":2.0,"turns":4.0},{"damage":0.0,"enemies":"Cultist","floor":3.0,"turns":3.0},{"damage":2.0,"enemies":"2 Fungi Beasts","floor":4.0,"turns":3.0},{"damage":27.0,"enemies":"Lagavulin","floor":7.0,"turns":7.0},{"damage":4.0,"enemies":"Gremlin Nob","floor":13.0,"turns":3.0},{"damage":9.0,"enemies":"The Guardian","floor":16.0,"turns":15.0},{"damage":0.0,"enemies":"3 Byrds","floor":18.0,"turns":4.0},{"damage":0.0,"enemies":"Spheric Guardian","floor":21.0,"turns":5.0},{"damage":0.0,"enemies":"Shelled Parasite and Fungi","floor":22.0,"turns":6.0},{"damage":1.0,"enemies":"3 Cultists","floor":24.0,"turns":5.0},{"damage":1.0,"enemies":"Book of Stabbing","floor":25.0,"turns":5.0},{"damage":8,"enemies":"Slavers","floor":29,"turns":6},{"damage":14,"enemies":"Sentry and Sphere","floor":30,"turns":5},{"damage":0,"enemies":"Gremlin Leader","floor":31,"turns":5},{"damage":14,"enemies":"Automaton","floor":33,"turns":9},{"damage":20,"enemies":"3 Darklings","floor":35,"turns":2},{"damage":3,"enemies":"3 Shapes","floor":39,"turns":6},{"damage":0,"enemies":"Reptomancer","floor":40,"turns":5},{"damage":0,"enemies":"Nemesis","floor":42,"turns":7},{"damage":30,"enemies":"Writhing Mass","floor":45,"turns":6},{"damage":1,"enemies":"3 Darklings","floor":48,"turns":5},{"damage":0,"enemies":"Donu and Deca","floor":50,"turns":15},{"damage":10,"enemies":"Awakened One","floor":51,"turns":13},{"damage":75,"enemies":"Shield and Spear","floor":55,"turns":5}],"seed_played":"2578991783791771466","potions_obtained":[{"floor":2.0,"key":"SpeedPotion"},{"floor":3.0,"key":"EntropicBrew"},{"floor":13.0,"key":"SpeedPotion"},{"floor":16.0,"key":"CunningPotion"},{"floor":30,"key":"PowerPotion"},{"floor":31,"key":"AttackPotion"},{"floor":35,"key":"SpeedPotion"},{"floor":42,"key":"Explosive Potion"},{"floor":48,"key":"Fruit Juice"}],"is_trial":false,"path_per_floor":["M","M","M","M","?","R","E","R","T","$","?","$","E","$","R","B",null,"M","?","$","M","M","R","M","E","T","R","?","E","M","E","R","B",null,"M","$","?","?","M","E","R","E","T","R","M","R","$","M","R","B","B",null,"R","$","E"],"character_chosen":"THE_SILENT","items_purchased":["Sling","Oddly Smooth Stone","Cloak And Dagger","Happy Flower","Apotheosis","Deflect","Deflect","ClockworkSouvenir","Deflect+1","Dodge and Roll+1","Tactician+1","Well Laid Plans"],"campfire_rested":3,"item_purchase_floors":[10,10,14,20,36,36,36,47,47,47,47,54],"current_hp_per_floor":[62,61,61,59,48,48,21,21,21,21,21,21,17,17,17,8,51,51,51,51,51,51,51,50,49,49,49,49,41,27,27,46,32,57,37,37,37,37,34,34,34,34,34,34,4,22,22,26,26,26,16,54,67,67,0],"gold":7,"neow_bonus":"TEN_PERCENT_HP_BONUS","is_prod":false,"is_daily":false,"chose_seed":false,"campfire_upgraded":7,"win_rate":0,"timestamp":1703710897,"path_taken":["M","M","M","M","?","R","E","R","T","$","?","?","E","$","R","BOSS","M","?","?","M","M","R","M","E","T","R","?","E","M","E","R","BOSS","M","$","?","?","M","E","R","E","T","R","M","R","?","M","R","BOSS","BOSS","R","$","E"],"build_version":"2022-12-18","purchased_purges":3,"victory":false,"max_hp_per_floor":[72,72,72,72,72,72,72,72,72,72,65,65,65,65,65,65,65,65,65,65,65,65,65,65,65,65,65,65,65,65,65,65,65,65,65,65,65,62,62,62,62,62,62,62,62,62,62,67,67,67,67,67,67,67,67],"card_choices":[{"not_picked":["Deadly Poison","Masterful Stab"],"picked":"Slice","floor":1.0},{"not_picked":["Infinite Blades","Riddle With Holes"],"picked":"Blade Dance","floor":2.0},{"not_picked":["Finisher","Sucker Punch"],"picked":"Dagger Spray","floor":3.0},{"not_picked":["Underhanded Strike","Prepared"],"picked":"Dash","floor":4.0},{"not_picked":["Bane","Flying Knee"],"picked":"Backstab","floor":7.0},{"not_picked":["Caltrops","Predator"],"picked":"Tools of the Trade","floor":13.0},{"not_picked":["Storm of Steel","Grand Finale"],"picked":"After Image","floor":16.0},{"not_picked":["Flying Knee","Poisoned Stab","Dodge and Roll"],"picked":"SKIP","floor":18.0},{"not_picked":["Dodge and Roll","Dagger Spray"],"picked":"Footwork+1","floor":21.0},{"not_picked":["Cloak And Dagger","Dash"],"picked":"Underhanded Strike","floor":22.0},{"not_picked":["Slice","A Thousand Cuts","Deadly Poison"],"picked":"SKIP","floor":24.0},{"not_picked":["Slice","A Thousand Cuts","Deadly Poison"],"picked":"SKIP","floor":24.0},{"not_picked":["Dagger Spray","Crippling Poison"],"picked":"Malaise","floor":25.0},{"not_picked":["Deadly Poison","Deflect"],"picked":"Acrobatics","floor":29},{"not_picked":["Deflect+1","Blur"],"picked":"Blade Dance","floor":30},{"not_picked":["Backstab","Night Terror"],"picked":"Terror","floor":31},{"not_picked":["Die Die Die","Bullet Time"],"picked":"Night Terror","floor":33},{"not_picked":["Dagger Throw","Dagger Spray","Bane"],"picked":"SKIP","floor":35},{"not_picked":["Dodge and Roll+1","Deflect"],"picked":"Calculated Gamble","floor":39},{"not_picked":["Slice+1","Underhanded Strike","Blade Dance"],"picked":"SKIP","floor":40},{"not_picked":["Envenom","Finisher"],"picked":"Prepared+1","floor":42},{"not_picked":["Quick Slash","Poisoned Stab","Dagger Throw+1"],"picked":"SKIP","floor":45},{"not_picked":["Predator","Accuracy"],"picked":"PiercingWail+1","floor":48}],"player_experience":1105268,"relics_obtained":[{"floor":7.0,"key":"Thread and Needle"},{"floor":9.0,"key":"The Courier"},{"floor":13.0,"key":"Centennial Puzzle"},{"floor":25.0,"key":"Lantern"},{"floor":29,"key":"Pen Nib"},{"floor":31,"key":"Art of War"},{"floor":40,"key":"White Beast Statue"},{"floor":42,"key":"Toxic Egg 2"}],"event_choices":[{"damage_healed":0.0,"max_hp_gain":0.0,"max_hp_loss":0.0,"gold_gain":75.0,"event_name":"World of Goop","player_choice":"Gather Gold","floor":5.0,"gold_loss":0.0,"damage_taken":11.0},{"damage_healed":0.0,"max_hp_gain":0.0,"max_hp_loss":7.0,"gold_gain":0.0,"event_name":"Golden Idol","player_choice":"Lose Max HP","floor":11.0,"gold_loss":0.0,"damage_taken":0.0,"relics_obtained":["Golden Idol"]},{"cards_removed":["Strike_G"],"damage_healed":0.0,"max_hp_gain":0.0,"max_hp_loss":0.0,"gold_gain":0.0,"event_name":"Bonfire Elementals","player_choice":"Offered Basic","floor":19.0,"gold_loss":0.0,"damage_taken":0.0},{"damage_healed":0,"gold_gain":0,"player_choice":"Ignored","damage_taken":0,"max_hp_gain":0,"max_hp_loss":0,"event_name":"Vampires","floor":28,"gold_loss":0},{"damage_healed":0,"gold_gain":333,"player_choice":"Gave Idol","damage_taken":0,"max_hp_gain":0,"max_hp_loss":0,"event_name":"The Moai Head","floor":37,"relics_lost":["Golden Idol"],"gold_loss":0},{"damage_healed":0,"gold_gain":0,"player_choice":"Max HP","damage_taken":0,"max_hp_gain":0,"max_hp_loss":3,"event_name":"Winding Halls","floor":38,"gold_loss":0}],"is_beta":false,"boss_relics":[{"not_picked":["Sozu","Runic Dome"],"picked":"Cursed Key"},{"not_picked":["SacredBark","Tiny House"],"picked":"Pandora\u0027s Box"}],"items_purged_floors":[10,36,47],"is_endless":false,"potions_floor_spawned":[2,3,13,16,21,22,30,31,35,42,45,48],"killed_by":"Shield and Spear","ascension_level":20}