{"gold_per_floor":[20,20,35,135,149,149,179,179,179,190,205,223,258,278,278,357,357,370,370,39,39,58,58,83,94,141,159,59,89,109,128,128,205,205,222,235,260,260,272,303,303,329,352,352,385,419,419,30,30,30,30,30,30,30,57,57],"floor_reached":56,"playtime":3291,"items_purged":["Strike_G","Distraction","Flying Knee+1"],"score":2234,"play_id":"7b59e4fe-8317-4ec5-ab9c-0fbf3b38a6ce","local_time":"20231227175156","is_ascension_mode":true,"campfire_choices":[{"data":"Blade Dance","floor":6,"key":"SMITH"},{"data":"Deadly Poison","floor":8,"key":"SMITH"},{"data":"Acrobatics","floor":15,"key":"SMITH"},{"data":"Calculated Gamble","floor":23,"key":"SMITH"},{"data":"Catalyst","floor":32,"key":"SMITH"},{"floor":41,"key":"DIG"},{"floor":44,"key":"RECALL"},{"floor":47,"key":"DIG"},{"data":"Tactician","floor":49,"key":"SMITH"},{"data":"Catalyst","floor":53,"key":"SMITH"}],"neow_cost":"NO_GOLD","seed_source_timestamp":1234041727311700,"circlet_count":0,"master_deck":["AscendersBane","Defend_G","Defend_G","Defend_G","Defend_G","Defend_G","Survivor","Neutralize","Dagger Throw","Deadly Poison+1","Blade Dance+1","After Image","PiercingWail","Acrobatics","Acrobatics+1","Blade Dance","Adrenaline","Accuracy+1","Eviscerate+1","Acrobatics","Catalyst+1","Prepared+1","Adrenaline","Calculated Gamble+1","Underhanded Strike","Bouncing Flask","Tactician+1","Underhanded Strike+1","Noxious Fumes+1","Catalyst+1","Tools of the Trade+1","Footwork+1","Reflex","Envenom+1"],"relics":["Ring of the Snake","StoneCalendar","Calipers","Tough Bandages","Eternal Feather","Astrolabe","Orrery","Paper Crane","Frozen Egg 2","HoveringKite","WingedGreaves","Shovel","Anchor","Pocketwatch","Regal Pillow","Blood Vial","Letter Opener","Molten Egg 2","Pantograph","Bottled Lightning"],"potions_floor_usage":[7,13,16,27,27,29,40,55,56],"damage_taken":[{"damage":2,"enemies":"Small Slimes","floor":1,"turns":3},{"damage":8,"enemies":"Cultist","floor":3,"turns":6},{"damage":0,"enemies":"Jaw Worm","floor":5,"turns":4},{"damage":11,"enemies":"Gremlin Nob","floor":7,"turns":3},{"damage":0,"enemies":"Exordium Thugs","floor":10,"turns":4},{"damage":9,"enemies":"Red Slaver","floor":11,"turns":4},{"damage":2,"enemies":"Exordium Wildlife","floor":12,"turns":3},{"damage":11,"enemies":"3 Sentries","floor":13,"turns":4},{"damage":3,"enemies":"Looter","floor":14,"turns":3},{"damage":5,"enemies":"The Guardian","floor":16,"turns":10},{"damage":10,"enemies":"Shell Parasite","floor":18,"turns":3},{"damage":0,"enemies":"Spheric Guardian","floor":22,"turns":4},{"damage":0,"enemies":"Gremlin Leader","floor":24,"turns":5},{"damage":0,"enemies":"Snecko","floor":25,"turns":3},{"damage":31,"enemies":"Cultist and Chosen","floor":27,"turns":5},{"damage":2,"enemies":"Slavers","floor":29,"turns":6},{"damage":3,"enemies":"Sentry and Sphere","floor":30,"turns":5},{"damage":0,"enemies":"Snecko","floor":31,"turns":3},{"damage":23,"enemies":"Collector","floor":33,"turns":6},{"damage":9,"enemies":"3 Darklings","floor":35,"turns":4},{"damage":0,"enemies":"3 Shapes","floor":36,"turns":5},{"damage":0,"enemies":"Mind Bloom Boss Battle","floor":37,"turns":4},{"damage":0,"enemies":"Maw","floor":39,"turns":5},{"damage":23,"enemies":"Reptomancer","floor":40,"turns":5},{"damage":0,"enemies":"Giant Head","floor":42,"turns":4},{"damage":6,"enemies":"Nemesis","floor":45,"turns":5},{"damage":36,"enemies":"Reptomancer","floor":46,"turns":7},{"damage":0,"enemies":"Time Eater","floor":50,"turns":5},{"damage":1,"enemies":"Awakened One","floor":51,"turns":13},{"damage":4,"enemies":"Shield and Spear","floor":55,"turns":6},{"damage":68,"enemies":"The Heart","floor":56,"turns":3}],"seed_played":"-8189545093820701919","potions_obtained":[{"floor":1,"key":"GhostInAJar"},{"floor":3,"key":"SteroidPotion"},{"floor":10,"key":"LiquidBronze"},{"floor":13,"key":"EntropicBrew"},{"floor":24,"key":"Fire Potion"},{"floor":29,"key":"Strength Potion"},{"floor":35,"key":"GhostInAJar"},{"floor":42,"key":"FearPotion"}],"is_trial":false,"path_per_floor":["M","?","M","?","M","R","E","R","T","M","M","M","E","M","R","B",null,"M","?","$","?","M","R","E","M","T","M","$","E","M","M","R","B",null,"M","M","?","?","M","E","R","E","T","R","E","E","R","$","R","B","B",null,"R","$","E","B"],"character_chosen":"THE_SILENT","items_purchased":["Catalyst","Prepared","Orrery","Pantograph"],"campfire_rested":0,"item_purchase_floors":[20,20,20,48],"current_hp_per_floor":[57,57,49,49,49,49,38,38,38,38,29,27,16,13,25,20,55,45,45,45,45,45,60,60,60,60,29,29,42,39,39,57,34,58,49,49,49,49,49,26,44,44,44,62,56,22,40,40,58,66,65,66,66,66,62,0],"gold":57,"neow_bonus":"ONE_RARE_RELIC","is_prod":false,"is_daily":false,"chose_seed":false,"campfire_upgraded":7,"win_rate":0,"timestamp":1703728316,"path_taken":["M","?","M","?","M","R","E","R","T","M","?","M","E","M","R","BOSS","M","?","$","?","M","R","E","?","T","M","?","E","M","M","R","BOSS","M","M","?","?","M","E","R","E","T","R","E","E","R","$","R","BOSS","BOSS","R","$","E","BOSS"],"build_version":"2022-12-18","purchased_purges":3,"victory":false,"max_hp_per_floor":[66,66,66,66,66,66,66,66,66,66,66,66,66,66,66,66,66,66,66,66,66,66,66,66,66,66,66,66,66,66,66,66,66,66,66,66,66,66,66,66,66,66,66,66,66,66,66,66,66,66,66,66,66,66,66,66],"card_choices":[{"not_picked":["Masterful Stab","Choke"],"picked":"Dagger Throw","floor":1},{"not_picked":["Sucker Punch","Dagger Spray"],"picked":"Deadly Poison","floor":3},{"not_picked":["Sucker Punch","Concentrate"],"picked":"Blade Dance","floor":5},{"not_picked":["PiercingWail","Bouncing Flask"],"picked":"After Image","floor":7},{"not_picked":["Flying Knee","Noxious Fumes"],"picked":"PiercingWail","floor":10},{"not_picked":["Flechettes","Backflip"],"picked":"Acrobatics","floor":11},{"not_picked":["Endless Agony","Slice"],"picked":"Acrobatics","floor":12},{"not_picked":["Outmaneuver","Storm of Steel"],"picked":"Blade Dance","floor":13},{"not_picked":["Distraction","Dagger Spray","Deadly Poison"],"picked":"SKIP","floor":14},{"not_picked":["Glass Knife","Envenom"],"picked":"Adrenaline","floor":16},{"not_picked":["Bouncing Flask+1","Bane"],"picked":"Acrobatics","floor":18},{"not_picked":["Burst","Slice"],"picked":"Adrenaline","floor":20},{"not_picked":["Setup","Acrobatics+1"],"picked":"Calculated Gamble","floor":20},{"not_picked":["Distraction","Dagger Throw"],"picked":"Underhanded Strike","floor":20},{"not_picked":["Distraction","Noxious Fumes"],"picked":"Bouncing Flask","floor":20},{"not_picked":["Slice","Blur"],"picked":"Tactician","floor":20},{"not_picked":["Eviscerate","Caltrops","Flying Knee"],"picked":"SKIP","floor":22},{"not_picked":["Finisher+1","Slice"],"picked":"Underhanded Strike+1","floor":24},{"not_picked":["Flying Knee","Dagger Throw","Bane"],"picked":"SKIP","floor":25},{"not_picked":["Concentrate+1","Underhanded Strike","Outmaneuver"],"picked":"SKIP","floor":27},{"not_picked":["Dodge and Roll","Choke"],"picked":"Noxious Fumes+1","floor":29},{"not_picked":["Endless Agony","Flying Knee"],"picked":"Catalyst","floor":30},{"not_picked":["Poisoned Stab","Doppelganger","Dodge and Roll+1"],"picked":"SKIP","floor":31},{"not_picked":["Envenom+1","Doppelganger"],"picked":"Tools of the Trade+1","floor":33},{"not_picked":["Cloak And Dagger","Bane+1","Sucker Punch"],"picked":"SKIP","floor":35},{"not_picked":["Dodge and Roll+1","Slice"],"picked":"Footwork+1","floor":36},{"not_picked":["Heel Hook+1","Underhanded Strike","Accuracy+1"],"picked":"SKIP","floor":39},{"not_picked":["Cloak And Dagger","Unload","Masterful Stab"],"picked":"SKIP","floor":40},{"not_picked":["All Out Attack","Flying Knee"],"picked":"Reflex","floor":42},{"not_picked":["Infinite Blades+1","Flechettes","Quick Slash"],"picked":"SKIP","floor":45},{"not_picked":["Masterful Stab","PiercingWail","Prepared"],"picked":"SKIP","floor":46},{"not_picked":["Crippling Poison","Blur"],"picked":"Envenom+1","floor":55}],"player_experience":1116098,"relics_obtained":[{"floor":7,"key":"Calipers"},{"floor":9,"key":"Tough Bandages"},{"floor":13,"key":"Eternal Feather"},{"floor":24,"key":"Paper Crane"},{"floor":29,"key":"Frozen Egg 2"},{"floor":37,"key":"WingedGreaves"},{"floor":40,"key":"Shovel"},{"floor":41,"key":"Anchor"},{"floor":42,"key":"Pocketwatch"},{"floor":43,"key":"Regal Pillow"},{"floor":45,"key":"Blood Vial"},{"floor":46,"key":"Letter Opener"},{"floor":47,"key":"Molten Egg 2"},{"floor":55,"key":"Bottled Lightning"}],"event_choices":[{"damage_healed":0,"gold_gain":0,"cards_transformed":["Strike_G"],"player_choice":"Change","damage_taken":0,"max_hp_gain":0,"max_hp_loss":0,"event_name":"Living Wall","floor":2,"gold_loss":0,"cards_obtained":["Distraction"]},{"damage_healed":0,"gold_gain":100,"player_choice":"Gold","damage_taken":0,"max_hp_gain":0,"max_hp_loss":0,"event_name":"Wheel of Change","floor":4,"gold_loss":0},{"damage_healed":0,"gold_gain":0,"player_choice":"Ignored","damage_taken":0,"max_hp_gain":0,"max_hp_loss":0,"event_name":"Vampires","floor":19,"gold_loss":0},{"damage_healed":0,"gold_gain":0,"player_choice":"Forge","damage_taken":0,"max_hp_gain":0,"max_hp_loss":0,"event_name":"Accursed Blacksmith","floor":21,"gold_loss":0,"cards_upgraded":["Prepared"]},{"damage_healed":0,"gold_gain":0,"player_choice":"Fight","damage_taken":0,"max_hp_gain":0,"max_hp_loss":0,"event_name":"MindBloom","floor":37,"gold_loss":0},{"damage_healed":0,"gold_gain":0,"player_choice":"Ignored","damage_taken":0,"max_hp_gain":0,"max_hp_loss":0,"event_name":"Tomb of Lord Red Mask","floor":38,"gold_loss":0}],"is_beta":false,"boss_relics":[{"not_picked":["Black Star","Calling Bell"],"picked":"Astrolabe"},{"not_picked":["Fusion Hammer","Pandora\u0027s Box"],"picked":"HoveringKite"}],"items_purged_floors":[20,28,48],"is_endless":false,"potions_floor_spawned":[1,3,10,12,13,24,27,29,33,35,36,37,42],"killed_by":"The Heart","ascension_level":20}