{"gold_per_floor":[118,134,134,1,18,50,50,79,79,79,106,51,51,64,64,140,140,159,84,95,20,40,69,69,69,69,94,106,206,206,218,218,293,293,304,304,329,2,22,354,354,370,370,370,404,404,418,452,452,452],"floor_reached":50,"playtime":2183,"items_purged":["Strike_G","Strike_G"],"score":1447,"play_id":"b066aeb5-0294-4f36-bc1e-5afa9d3e113d","local_time":"20240104205829","is_ascension_mode":true,"campfire_choices":[{"data":"Glass Knife","floor":7,"key":"SMITH"},{"floor":10,"key":"REST"},{"data":"Dagger Spray","floor":13,"key":"SMITH"},{"data":"Bouncing Flask","floor":15,"key":"SMITH"},{"data":"Calculated Gamble","floor":24,"key":"SMITH"},{"data":"Footwork","floor":30,"key":"SMITH"},{"data":"Catalyst","floor":32,"key":"SMITH"},{"data":"Venomology","floor":44,"key":"SMITH"},{"floor":46,"key":"RECALL"},{"floor":49,"key":"REST"}],"neow_cost":"TEN_PERCENT_HP_LOSS","seed_source_timestamp":1937590167653800,"circlet_count":0,"master_deck":["AscendersBane","Strike_G","Strike_G","Defend_G","Defend_G","Defend_G","Defend_G","Defend_G","Survivor","Neutralize","Master of Strategy","Deflect","Blade Dance+1","Dagger Spray+1","Flechettes","Glass Knife+1","Bouncing Flask+1","Footwork+1","Calculated Gamble+1","Venomology+1","Backflip","Finisher","PiercingWail+1","Blade Dance","Decay","Backflip","Catalyst+1","CurseOfTheBell","PanicButton","Blade Dance","Catalyst+1","Adrenaline+1"],"relics":["Ring of the Snake","Ornamental Fan","Mercury Hourglass","Mummified Hand","Du-Vu Doll","SacredBark","Bird Faced Urn","Ice Cream","Juzu Bracelet","Pocketwatch","Ninja Scroll","Calling Bell","Potion Belt","InkBottle","Unceasing Top","Torii","DollysMirror","Old Coin","Happy Flower","Pear"],"potions_floor_usage":[6,8,16,18,20,23,27,28,29,33,37,37,40,45,47,48,48,50,50,50,50,50],"damage_taken":[{"damage":8,"enemies":"2 Louse","floor":1,"turns":4},{"damage":6,"enemies":"Cultist","floor":2,"turns":6},{"damage":0,"enemies":"Jaw Worm","floor":5,"turns":4},{"damage":7,"enemies":"3 Sentries","floor":6,"turns":7},{"damage":32,"enemies":"Lagavulin","floor":8,"turns":8},{"damage":6,"enemies":"3 Sentries","floor":11,"turns":4},{"damage":0,"enemies":"3 Louse","floor":14,"turns":1},{"damage":0,"enemies":"Slime Boss","floor":16,"turns":7},{"damage":1,"enemies":"Shell Parasite","floor":18,"turns":5},{"damage":0,"enemies":"Spheric Guardian","floor":20,"turns":2},{"damage":1,"enemies":"Centurion and Healer","floor":22,"turns":4},{"damage":7,"enemies":"Slavers","floor":23,"turns":6},{"damage":0,"enemies":"Gremlin Leader","floor":27,"turns":3},{"damage":0,"enemies":"Snecko","floor":28,"turns":2},{"damage":5,"enemies":"Colosseum Slavers","floor":29,"turns":2},{"damage":10,"enemies":"Colosseum Nobs","floor":29,"turns":3},{"damage":0,"enemies":"Snake Plant","floor":31,"turns":1},{"damage":18,"enemies":"Champ","floor":33,"turns":4},{"damage":18,"enemies":"3 Darklings","floor":35,"turns":4},{"damage":0,"enemies":"Mind Bloom Boss Battle","floor":37,"turns":3},{"damage":0,"enemies":"Orb Walker","floor":39,"turns":2},{"damage":2,"enemies":"Nemesis","floor":40,"turns":3},{"damage":0,"enemies":"Maw","floor":42,"turns":5},{"damage":0,"enemies":"Giant Head","floor":45,"turns":4},{"damage":0,"enemies":"Jaw Worm Horde","floor":47,"turns":4},{"damage":8,"enemies":"Reptomancer","floor":48,"turns":3},{"damage":70,"enemies":"Time Eater","floor":50,"turns":5}],"seed_played":"4290553439539867875","potions_obtained":[{"floor":1,"key":"Fire Potion"},{"floor":6,"key":"Block Potion"},{"floor":11,"key":"EssenceOfSteel"},{"floor":16,"key":"Dexterity Potion"},{"floor":18,"key":"Poison Potion"},{"floor":20,"key":"Strength Potion"},{"floor":29,"key":"SneckoOil"},{"floor":33,"key":"Strength Potion"},{"floor":35,"key":"FearPotion"},{"floor":37,"key":"SpeedPotion"},{"floor":47,"key":"Poison Potion"},{"floor":48,"key":"FearPotion"}],"is_trial":false,"path_per_floor":["M","M","?","$","M","E","R","E","T","R","E","$","R","M","R","B",null,"M","$","M","?","M","E","R","?","T","E","M","?","R","M","R","B",null,"M","?","?","$","M","E","?","M","T","R","E","R","M","E","R","B"],"character_chosen":"THE_SILENT","items_purchased":["Dagger Spray","Flechettes","SteroidPotion","DollysMirror","Poison Potion"],"campfire_rested":2,"item_purchase_floors":[4,4,12,38,38],"current_hp_per_floor":[51,45,45,45,45,38,38,6,6,24,18,18,18,18,18,18,50,49,49,49,49,48,41,41,41,41,43,43,28,28,28,28,12,48,32,32,32,32,32,30,30,32,32,32,34,34,36,38,59,0],"gold":452,"neow_bonus":"RANDOM_COLORLESS_2","is_prod":false,"is_daily":false,"chose_seed":false,"campfire_upgraded":7,"win_rate":0,"timestamp":1704430709,"path_taken":["M","M","?","$","M","E","R","E","T","R","E","?","R","M","R","BOSS","M","$","?","?","M","E","R","?","T","E","M","?","R","M","R","BOSS","M","?","?","$","M","E","?","M","T","R","E","R","M","E","R","BOSS"],"build_version":"2022-12-18","purchased_purges":2,"victory":false,"max_hp_per_floor":[60,60,60,60,60,60,60,60,60,60,60,60,60,60,60,60,60,60,60,60,60,60,60,60,60,60,60,60,60,60,60,60,60,60,60,60,60,60,60,60,60,60,60,60,60,60,60,70,70,70],"card_choices":[{"not_picked":["Secret Technique","Secret Weapon"],"picked":"Master of Strategy","floor":0},{"not_picked":["Backflip","Outmaneuver"],"picked":"Deflect","floor":1},{"not_picked":["Slice","Sucker Punch"],"picked":"Blade Dance","floor":2},{"not_picked":["Flechettes","Dagger Spray"],"picked":"Glass Knife","floor":5},{"not_picked":["Crippling Poison","Flying Knee","Setup"],"picked":"SKIP","floor":6},{"not_picked":["Sucker Punch","Setup"],"picked":"Bouncing Flask","floor":8},{"not_picked":["Deflect","Dagger Spray"],"picked":"Footwork","floor":11},{"not_picked":["Outmaneuver","Setup"],"picked":"Calculated Gamble","floor":14},{"not_picked":["Die Die Die","Envenom"],"picked":"Venomology","floor":16},{"not_picked":["Poisoned Stab","Dagger Throw+1"],"picked":"Backflip","floor":18},{"not_picked":["Deflect","Dash"],"picked":"Finisher","floor":20},{"not_picked":["Dodge and Roll","Skewer"],"picked":"PiercingWail+1","floor":22},{"not_picked":["Unload","Slice"],"picked":"Blade Dance","floor":23},{"not_picked":["Skewer","Bane","Dagger Spray"],"picked":"SKIP","floor":27},{"not_picked":["All Out Attack","Flying Knee"],"picked":"Backflip","floor":28},{"not_picked":["Flying Knee","Underhanded Strike"],"picked":"Catalyst","floor":31},{"not_picked":["Slice+1","Prepared","Dagger Throw+1"],"picked":"SKIP","floor":35},{"not_picked":["Discovery","Forethought"],"picked":"PanicButton","floor":36},{"not_picked":["Tactician","Flechettes"],"picked":"Blade Dance","floor":37},{"not_picked":["Dagger Spray","PiercingWail"],"picked":"Adrenaline","floor":39},{"not_picked":["Underhanded Strike+1","Quick Slash","Backstab+1"],"picked":"SKIP","floor":40},{"not_picked":["Dagger Throw+1","Dash","Underhanded Strike"],"picked":"SKIP","floor":42},{"not_picked":["Deadly Poison","PiercingWail","Blade Dance"],"picked":"SKIP","floor":45},{"not_picked":["Tactician","Slice","Underhanded Strike"],"picked":"SKIP","floor":47},{"not_picked":["Flechettes","Sucker Punch","Blur"],"picked":"SKIP","floor":48}],"player_experience":1176569,"relics_obtained":[{"floor":6,"key":"Ornamental Fan"},{"floor":8,"key":"Mercury Hourglass"},{"floor":9,"key":"Mummified Hand"},{"floor":11,"key":"Du-Vu Doll"},{"floor":23,"key":"Bird Faced Urn"},{"floor":26,"key":"Ice Cream"},{"floor":27,"key":"Juzu Bracelet"},{"floor":29,"key":"Pocketwatch"},{"floor":29,"key":"Ninja Scroll"},{"floor":34,"key":"Potion Belt"},{"floor":34,"key":"InkBottle"},{"floor":34,"key":"Unceasing Top"},{"floor":37,"key":"Torii"},{"floor":40,"key":"Old Coin"},{"floor":45,"key":"Happy Flower"},{"floor":48,"key":"Pear"}],"event_choices":[{"damage_healed":0,"gold_gain":0,"player_choice":"Upgraded","damage_taken":0,"max_hp_gain":0,"max_hp_loss":0,"event_name":"Upgrade Shrine","floor":3,"gold_loss":0,"cards_upgraded":["Blade Dance"]},{"cards_removed":["Strike_G"],"damage_healed":0,"gold_gain":0,"player_choice":"Gave Gold","damage_taken":0,"max_hp_gain":0,"max_hp_loss":0,"event_name":"Beggar","floor":21,"gold_loss":75},{"damage_healed":0,"gold_gain":0,"player_choice":"Smashed Altar","damage_taken":0,"max_hp_gain":0,"max_hp_loss":0,"event_name":"Forgotten Altar","floor":25,"gold_loss":0,"cards_obtained":["Decay"]},{"damage_healed":0,"gold_gain":0,"player_choice":"Fight","damage_taken":0,"max_hp_gain":0,"max_hp_loss":0,"event_name":"Colosseum","floor":29,"gold_loss":0},{"damage_healed":0,"gold_gain":0,"player_choice":"Fought Nobs","damage_taken":0,"max_hp_gain":0,"max_hp_loss":0,"event_name":"Colosseum","floor":29,"gold_loss":0},{"damage_healed":0,"gold_gain":0,"player_choice":"Memory 1","damage_taken":0,"max_hp_gain":0,"max_hp_loss":0,"event_name":"SensoryStone","floor":36,"gold_loss":0},{"damage_healed":0,"gold_gain":0,"player_choice":"Fight","damage_taken":0,"max_hp_gain":0,"max_hp_loss":0,"event_name":"MindBloom","floor":37,"gold_loss":0},{"damage_healed":0,"gold_gain":0,"player_choice":"Forge","damage_taken":0,"max_hp_gain":0,"max_hp_loss":0,"event_name":"Accursed Blacksmith","floor":41,"gold_loss":0,"cards_upgraded":["Adrenaline"]}],"is_beta":false,"boss_relics":[{"not_picked":["SlaversCollar","Empty Cage"],"picked":"SacredBark"},{"not_picked":["Tiny House","Astrolabe"],"picked":"Calling Bell"}],"items_purged_floors":[19,38],"is_endless":false,"potions_floor_spawned":[1,6,11,16,18,20,22,29,33,35,37,45,47,48],"killed_by":"Time Eater","ascension_level":20}