{"gold_per_floor":[118,134,152,172,189,189,205,205,205,205,223,251,88,122,134,220,232,260,283,310,322,334,346,383,395,407,419,431,463,375,403,403,403],"floor_reached":33,"playtime":1397,"items_purged":["Strike_G","Distraction"],"score":694,"play_id":"205f91b2-9443-42d2-ade0-c8de7128ac17","local_time":"20240104202151","is_ascension_mode":true,"campfire_choices":[{"data":"Masterful Stab","floor":6,"key":"SMITH"},{"data":"Dash","floor":8,"key":"SMITH"},{"data":"Poisoned Stab","floor":10,"key":"SMITH"},{"data":"Finisher","floor":15,"key":"SMITH"},{"data":"Well Laid Plans","floor":23,"key":"SMITH"},{"data":"RitualDagger","floor":25,"key":"SMITH"},{"floor":27,"key":"REST"},{"floor":32,"key":"REST"}],"neow_cost":"NONE","seed_source_timestamp":1936180154639000,"circlet_count":0,"master_deck":["AscendersBane","Survivor","Neutralize","PiercingWail","Dash+1","Slice","Poisoned Stab+1","Masterful Stab+1","Backflip","Blade Dance","Well Laid Plans+1","Finisher+1","Phantasmal Killer","Storm of Steel","Eviscerate","Infinite Blades","A Thousand Cuts","Concentrate","Cloak And Dagger","Concentrate","Masterful Stab","Acrobatics","Doppelganger","RitualDagger+1","Ghostly","Ghostly","Ghostly","Acrobatics"],"relics":["Ring of the Snake","Lantern","Mercury Hourglass","Mummified Hand","MawBank","Pandora\u0027s Box","Lizard Tail","Bottled Tornado","Centennial Puzzle"],"potions_floor_usage":[16,16,19,20,31],"damage_taken":[{"damage":6,"enemies":"Cultist","floor":1,"turns":5},{"damage":7,"enemies":"Jaw Worm","floor":2,"turns":10},{"damage":0,"enemies":"2 Louse","floor":3,"turns":3},{"damage":0,"enemies":"Gremlin Gang","floor":4,"turns":8},{"damage":6,"enemies":"Blue Slaver","floor":5,"turns":4},{"damage":0,"enemies":"Red Slaver","floor":7,"turns":3},{"damage":0,"enemies":"2 Fungi Beasts","floor":11,"turns":3},{"damage":10,"enemies":"3 Sentries","floor":12,"turns":6},{"damage":1,"enemies":"Lagavulin","floor":14,"turns":6},{"damage":0,"enemies":"Slime Boss","floor":16,"turns":6},{"damage":4,"enemies":"Shell Parasite","floor":18,"turns":2},{"damage":5,"enemies":"2 Thieves","floor":19,"turns":3},{"damage":7,"enemies":"Snecko","floor":20,"turns":4},{"damage":22,"enemies":"Gremlin Leader","floor":24,"turns":4},{"damage":6,"enemies":"Cultist and Chosen","floor":29,"turns":4},{"damage":29,"enemies":"Slavers","floor":31,"turns":6},{"damage":48,"enemies":"Collector","floor":33,"turns":5}],"seed_played":"-7136908968596664237","potions_obtained":[{"floor":2,"key":"SpeedPotion"},{"floor":5,"key":"Swift Potion"},{"floor":12,"key":"DistilledChaos"},{"floor":18,"key":"SneckoOil"},{"floor":19,"key":"SkillPotion"},{"floor":24,"key":"EssenceOfSteel"}],"is_trial":false,"path_per_floor":["M","M","M","M","M","R","M","R","T","R","M","E","$","E","R","B",null,"M","M","M","?","?","R","E","R","T","R","?","M","$","E","R","B"],"character_chosen":"THE_SILENT","items_purchased":["Well Laid Plans"],"campfire_rested":2,"item_purchase_floors":[13],"current_hp_per_floor":[53,46,46,46,40,40,40,40,40,40,40,30,30,29,29,29,57,53,48,41,41,35,35,13,13,13,32,32,26,26,16,25,0],"gold":403,"neow_bonus":"RANDOM_COMMON_RELIC","is_prod":false,"is_daily":false,"chose_seed":false,"campfire_upgraded":6,"win_rate":0,"timestamp":1704428511,"path_taken":["M","M","M","M","M","R","M","R","T","R","M","E","$","E","R","BOSS","M","M","?","?","?","R","E","R","T","R","?","M","$","E","R","BOSS"],"build_version":"2022-12-18","purchased_purges":2,"victory":false,"max_hp_per_floor":[66,66,66,66,66,66,66,66,66,66,66,66,66,66,66,66,66,66,66,66,66,66,66,66,66,66,66,33,33,33,33,33,33],"card_choices":[{"not_picked":["Outmaneuver","Dodge and Roll"],"picked":"PiercingWail","floor":1},{"not_picked":["Poisoned Stab","Deadly Poison"],"picked":"Dash","floor":2},{"not_picked":["Outmaneuver","Setup"],"picked":"Slice","floor":3},{"not_picked":["Caltrops","Choke"],"picked":"Poisoned Stab","floor":4},{"not_picked":["Setup","Escape Plan"],"picked":"Masterful Stab","floor":5},{"not_picked":["Sucker Punch","Slice"],"picked":"Backflip","floor":7},{"not_picked":["Tactician","Cloak And Dagger","Flying Knee"],"picked":"SKIP","floor":11},{"not_picked":["Deadly Poison","A Thousand Cuts"],"picked":"Blade Dance","floor":12},{"not_picked":["Acrobatics","Dagger Spray"],"picked":"Finisher","floor":14},{"not_picked":["Night Terror","Doppelganger"],"picked":"Phantasmal Killer","floor":16},{"not_picked":["Tactician","Outmaneuver+1","Dagger Spray"],"picked":"SKIP","floor":18},{"not_picked":["Masterful Stab+1","Prepared+1"],"picked":"Acrobatics","floor":19},{"not_picked":["Flying Knee+1","Poisoned Stab+1"],"picked":"Doppelganger","floor":20},{"not_picked":["Glass Knife","Bouncing Flask","Endless Agony"],"picked":"SKIP","floor":24},{"not_picked":["Quick Slash","Underhanded Strike","Finisher"],"picked":"SKIP","floor":29},{"not_picked":["PiercingWail+1","Dagger Throw"],"picked":"Acrobatics","floor":31}],"player_experience":1175172,"relics_obtained":[{"floor":9,"key":"Mercury Hourglass"},{"floor":12,"key":"Mummified Hand"},{"floor":14,"key":"MawBank"},{"floor":24,"key":"Lizard Tail"},{"floor":26,"key":"Bottled Tornado"},{"floor":31,"key":"Centennial Puzzle"}],"event_choices":[{"damage_healed":0,"gold_gain":0,"player_choice":"Ignored","damage_taken":0,"max_hp_gain":0,"max_hp_loss":0,"event_name":"Cursed Tome","floor":21,"gold_loss":0},{"damage_healed":0,"gold_gain":0,"player_choice":"Joined the Cult","damage_taken":6,"max_hp_gain":0,"max_hp_loss":0,"event_name":"Nest","floor":22,"gold_loss":0,"cards_obtained":["RitualDagger"]},{"damage_healed":0,"gold_gain":0,"player_choice":"Became a Ghost","damage_taken":0,"max_hp_gain":0,"max_hp_loss":33,"event_name":"Ghosts","floor":28,"gold_loss":0,"cards_obtained":["Ghostly","Ghostly","Ghostly"]}],"is_beta":false,"boss_relics":[{"not_picked":["Runic Dome","Astrolabe"],"picked":"Pandora\u0027s Box"}],"items_purged_floors":[13,30],"is_endless":false,"potions_floor_spawned":[2,5,12,14,18,19,24],"killed_by":"Collector","ascension_level":20}