{"gold_per_floor":[215,234,249,267,22,22,79,79,79,79,154,154,223,326,326,425,425,466,529,546,206,186,186,225,310,310,310,310,210,210,277,277,348,348,391,61,97,133,196,253,294,323,323,323,382,461,484,601,601,601,626],"floor_reached":51,"playtime":2189,"items_purged":["Defend_P","Defend_P","Strike_P"],"score":1609,"play_id":"7059570b-1ba4-4a81-bbe7-9cf03b9d7b93","local_time":"20240110173411","is_ascension_mode":true,"campfire_choices":[{"data":"HandOfGreed","floor":6,"key":"SMITH"},{"data":"Meditate","floor":8,"key":"SMITH"},{"data":"Adaptation","floor":10,"key":"SMITH"},{"data":"TalkToTheHand","floor":12,"key":"SMITH"},{"data":"Tantrum","floor":15,"key":"SMITH"},{"data":"Adaptation","floor":23,"key":"SMITH"},{"data":"FlurryOfBlows","floor":27,"key":"SMITH"},{"data":"CutThroughFate","floor":30,"key":"SMITH"},{"data":"Eruption","floor":32,"key":"SMITH"},{"floor":44,"key":"RECALL"},{"data":"Fasting2","floor":49,"key":"SMITH"}],"neow_cost":"NONE","seed_source_timestamp":31334952479900,"circlet_count":0,"master_deck":["AscendersBane","Strike_P","Defend_P","Eruption+1","Vigilance","Meditate+1","InnerPeace","Tantrum+1","HandOfGreed+1","Adaptation+1","TalkToTheHand+1","InnerPeace","CutThroughFate+1","Adaptation+1","FlurryOfBlows+1","Scrawl","Meditate+1","FollowUp+1","PathToVictory+1","Fasting2+1","CrushJoints","EmptyMind","Halt+1","Establishment"],"special_seed":0,"relics":["HolyWater","Vajra","Matryoshka","White Beast Statue","PreservedInsect","Anchor","Meat on the Bone","Lantern","Astrolabe","OrangePellets","Bag of Marbles","Potion Belt","CeramicFish","Smiling Mask","TungstenRod","Bronze Scales"],"potions_floor_usage":[14,14,28,31,33,38,40,50,51,51],"damage_taken":[{"damage":1.0,"enemies":"Small Slimes","floor":1.0,"turns":5.0},{"damage":0.0,"enemies":"Cultist","floor":2.0,"turns":4.0},{"damage":0.0,"enemies":"2 Louse","floor":3.0,"turns":2.0},{"damage":16.0,"enemies":"Red Slaver","floor":4.0,"turns":4.0},{"damage":0,"enemies":"Gremlin Nob","floor":7,"turns":2},{"damage":7,"enemies":"Exordium Wildlife","floor":13,"turns":5},{"damage":4,"enemies":"3 Sentries","floor":14,"turns":4},{"damage":7,"enemies":"Hexaghost","floor":16,"turns":4},{"damage":1,"enemies":"Spheric Guardian","floor":18,"turns":3},{"damage":0,"enemies":"2 Thieves","floor":19,"turns":2},{"damage":6,"enemies":"Snake Plant","floor":20,"turns":3},{"damage":0,"enemies":"Chosen and Byrds","floor":24,"turns":3},{"damage":11,"enemies":"Slavers","floor":25,"turns":2},{"damage":0,"enemies":"Cultist and Chosen","floor":31,"turns":3},{"damage":38,"enemies":"Automaton","floor":33,"turns":6},{"damage":17,"enemies":"3 Darklings","floor":35,"turns":4},{"damage":0,"enemies":"Orb Walker","floor":37,"turns":2},{"damage":32,"enemies":"3 Darklings","floor":38,"turns":5},{"damage":0,"enemies":"Jaw Worm Horde","floor":39,"turns":2},{"damage":0,"enemies":"Reptomancer","floor":40,"turns":4},{"damage":0,"enemies":"Spire Growth","floor":41,"turns":2},{"damage":3,"enemies":"Giant Head","floor":42,"turns":3},{"damage":0,"enemies":"Nemesis","floor":45,"turns":1},{"damage":6,"enemies":"2 Orb Walkers","floor":46,"turns":2},{"damage":15,"enemies":"4 Shapes","floor":48,"turns":6},{"damage":23,"enemies":"Awakened One","floor":50,"turns":6},{"damage":32,"enemies":"Donu and Deca","floor":51,"turns":3}],"seed_played":"4047372577938855762","potions_obtained":[{"floor":1.0,"key":"Ancient Potion"},{"floor":3.0,"key":"PowerPotion"},{"floor":4.0,"key":"Explosive Potion"},{"floor":7,"key":"LiquidMemories"},{"floor":16,"key":"Block Potion"},{"floor":18,"key":"Regen Potion"},{"floor":20,"key":"GamblersBrew"},{"floor":28,"key":"Fruit Juice"},{"floor":28,"key":"GamblersBrew"},{"floor":31,"key":"LiquidBronze"},{"floor":33,"key":"GamblersBrew"},{"floor":35,"key":"Block Potion"},{"floor":37,"key":"AttackPotion"},{"floor":38,"key":"Energy Potion"},{"floor":40,"key":"BottledMiracle"},{"floor":42,"key":"LiquidBronze"},{"floor":45,"key":"SteroidPotion"}],"is_trial":false,"path_per_floor":["M","M","M","M","$","R","E","R","T","R","?","R","M","E","R","B",null,"M","M","M","$","?","R","M","E","T","R","?","$","R","M","R","B",null,"M","$","M","M","M","E","M","E","T","R","E","?","T","M","R","B","B"],"character_chosen":"WATCHER","items_purchased":["HandOfGreed","Adaptation","PreservedInsect","Adaptation","FlurryOfBlows","Fasting2","OrangePellets"],"campfire_rested":0,"item_purchase_floors":[5,5,21,21,21,36,36],"current_hp_per_floor":[60,60,60,44,44,44,44,44,44,44,33,33,26,22,22,15,55,54,54,48,48,48,48,48,37,37,37,42,42,42,42,42,16,59,42,42,42,22,34,46,46,43,43,43,43,37,37,34,34,23,0],"gold":626,"neow_bonus":"HUNDRED_GOLD","is_prod":false,"is_daily":false,"chose_seed":false,"campfire_upgraded":10,"win_rate":0,"timestamp":1704936851,"path_taken":["M","M","M","M","$","R","E","R","T","R","?","R","M","E","R","BOSS","M","M","M","$","?","R","?","E","T","R","?","$","R","M","R","BOSS","M","$","M","M","M","E","M","E","T","R","E","?","?","M","R","BOSS","BOSS"],"build_version":"2022-12-18","purchased_purges":3,"victory":false,"max_hp_per_floor":[68,68,68,68,68,68,68,68,68,68,68,68,68,68,68,68,68,68,68,68,68,68,68,68,68,68,68,73,73,73,73,73,73,73,73,73,73,73,73,73,73,73,73,73,73,73,73,73,73,73,73],"card_choices":[{"not_picked":["FlyingSleeves","Consecrate"],"picked":"Meditate","floor":1.0},{"not_picked":["ForeignInfluence","Halt"],"picked":"InnerPeace","floor":2.0},{"not_picked":["CutThroughFate","CrushJoints"],"picked":"Tantrum","floor":3.0},{"not_picked":["Vengeance","Pray","FlyingSleeves"],"picked":"SKIP","floor":4.0},{"not_picked":["Worship","FollowUp"],"picked":"TalkToTheHand","floor":7},{"not_picked":["EmptyBody","WreathOfFlame","CarveReality"],"picked":"SKIP","floor":13},{"not_picked":["PathToVictory","Wallop"],"picked":"InnerPeace","floor":14},{"not_picked":["ClearTheMind","Prostrate+1","FearNoEvil"],"picked":"SKIP","floor":18},{"not_picked":["Vengeance","Evaluate"],"picked":"CutThroughFate","floor":19},{"not_picked":["WheelKick","EmptyBody","BowlingBash"],"picked":"SKIP","floor":20},{"not_picked":["FollowUp","WreathOfFlame","JustLucky"],"picked":"SKIP","floor":24},{"not_picked":["BattleHymn","WindmillStrike","WreathOfFlame"],"picked":"SKIP","floor":25},{"not_picked":["Consecrate","Collect","Evaluate+1"],"picked":"SKIP","floor":31},{"not_picked":["DeusExMachina","LessonLearned"],"picked":"Scrawl","floor":33},{"not_picked":["Study+1","Consecrate","CutThroughFate"],"picked":"SKIP","floor":35},{"not_picked":["ThirdEye","EmptyFist"],"picked":"CrushJoints","floor":37},{"not_picked":["Prostrate","Crescendo","Fasting2"],"picked":"SKIP","floor":38},{"not_picked":["EmptyBody","FlyingSleeves","JustLucky"],"picked":"SKIP","floor":39},{"not_picked":["WheelKick+1","Halt"],"picked":"EmptyMind","floor":40},{"not_picked":["Protect","SashWhip+1"],"picked":"Halt+1","floor":41},{"not_picked":["Judgement","SashWhip","CutThroughFate"],"picked":"SKIP","floor":42},{"not_picked":["Consecrate","FlurryOfBlows+1"],"picked":"Establishment","floor":45},{"not_picked":["Study","Conclude","Indignation"],"picked":"SKIP","floor":48}],"player_experience":1226067,"relics_obtained":[{"floor":7,"key":"Vajra"},{"floor":9,"key":"Matryoshka"},{"floor":14,"key":"White Beast Statue"},{"floor":25,"key":"Anchor"},{"floor":26,"key":"Meat on the Bone"},{"floor":26,"key":"Lantern"},{"floor":40,"key":"Bag of Marbles"},{"floor":42,"key":"Potion Belt"},{"floor":43,"key":"CeramicFish"},{"floor":45,"key":"Smiling Mask"},{"floor":46,"key":"TungstenRod"},{"floor":47,"key":"Bronze Scales"}],"event_choices":[{"damage_healed":0,"gold_gain":75,"player_choice":"Gather Gold","damage_taken":11,"max_hp_gain":0,"max_hp_loss":0,"event_name":"World of Goop","floor":11,"gold_loss":0},{"damage_healed":0,"gold_gain":0,"player_choice":"Bought 1 Potion","damage_taken":0,"max_hp_gain":0,"max_hp_loss":0,"event_name":"The Woman in Blue","floor":22,"gold_loss":0},{"damage_healed":0,"gold_gain":0,"player_choice":"Got Potions","damage_taken":0,"max_hp_gain":0,"max_hp_loss":0,"event_name":"Lab","floor":28,"gold_loss":0},{"damage_healed":0,"gold_gain":0,"player_choice":"Fight","damage_taken":0,"max_hp_gain":0,"max_hp_loss":0,"event_name":"Mysterious Sphere","floor":46,"gold_loss":0}],"is_beta":false,"boss_relics":[{"not_picked":["Black Star","Calling Bell"],"picked":"HolyWater"},{"not_picked":["SacredBark","Pandora\u0027s Box"],"picked":"Astrolabe"}],"items_purged_floors":[21,29,36],"is_endless":false,"potions_floor_spawned":[1,3,4,7,16,18,19,20,24,25,31,33,35,37,38,39,40,41,42,45,46,48],"killed_by":"Donu and Deca","ascension_level":20}