{"gold_per_floor":[369,369,125,145,145,145,157,191,215,215,232,249,273,307,307,381,381,392,169,185,200,380,409,424,424,471,471,500,516,516,548,548,622,622,637,226,226,281,281,281,315,315,315,348,360,403,440,467,479,491,503],"floor_reached":51,"playtime":2283,"items_purged":["Writhe","Defend_P","Strike_P"],"score":1673,"play_id":"031f45c3-3e49-4b43-bef6-0cc670ecc3a4","local_time":"20240110110413","is_ascension_mode":true,"campfire_choices":[{"data":"Eruption","floor":6,"key":"SMITH"},{"data":"Consecrate","floor":10,"key":"SMITH"},{"data":"Vengeance","floor":15,"key":"SMITH"},{"floor":25,"key":"REST"},{"data":"EmptyMind","floor":27,"key":"SMITH"},{"floor":30,"key":"REST"},{"data":"Tantrum","floor":32,"key":"SMITH"},{"floor":40,"key":"REST"},{"data":"Adaptation","floor":42,"key":"SMITH"},{"data":"TalkToTheHand","floor":45,"key":"SMITH"},{"floor":49,"key":"RECALL"}],"neow_cost":"CURSE","seed_source_timestamp":7875629982900,"circlet_count":0,"master_deck":["AscendersBane","Strike_P+1","Strike_P","Strike_P","Defend_P+1","Defend_P+1","Eruption+1","Vigilance+1","CutThroughFate","DeceiveReality","FlurryOfBlows+1","Consecrate+1","Vengeance+1","Halt","CarveReality","Tantrum+1","EmptyMind+1","TalkToTheHand","ClearTheMind","ThirdEye","Adaptation+1","TalkToTheHand+1","Secret Technique","InnerPeace+1","Fasting2","Scrawl"],"relics":["PureWater","Orrery","Toy Ornithopter","War Paint","Nunchaku","Whetstone","Philosopher\u0027s Stone","Regal Pillow","Akabeko","Happy Flower","Boot","Runic Pyramid","ClockworkSouvenir","Ginger","TeardropLocket","Sundial","MawBank","Potion Belt","Prayer Wheel"],"potions_floor_usage":[14,24,24,29,33,44,50,50],"damage_taken":[{"damage":9,"enemies":"Cultist","floor":1,"turns":4},{"damage":0,"enemies":"Jaw Worm","floor":4,"turns":5},{"damage":0,"enemies":"Small Slimes","floor":7,"turns":1},{"damage":2,"enemies":"Gremlin Nob","floor":8,"turns":3},{"damage":0,"enemies":"Looter","floor":11,"turns":2},{"damage":0,"enemies":"Large Slime","floor":12,"turns":4},{"damage":0,"enemies":"3 Sentries","floor":14,"turns":4},{"damage":6,"enemies":"The Guardian","floor":16,"turns":14},{"damage":0,"enemies":"Spheric Guardian","floor":18,"turns":2},{"damage":15,"enemies":"Shell Parasite","floor":20,"turns":4},{"damage":0,"enemies":"Centurion and Healer","floor":21,"turns":2},{"damage":23,"enemies":"Slavers","floor":23,"turns":3},{"damage":0,"enemies":"Snecko","floor":24,"turns":3},{"damage":36,"enemies":"Gremlin Leader","floor":28,"turns":6},{"damage":0,"enemies":"Shelled Parasite and Fungi","floor":29,"turns":2},{"damage":2,"enemies":"Slavers","floor":31,"turns":3},{"damage":42,"enemies":"Champ","floor":33,"turns":8},{"damage":18,"enemies":"3 Darklings","floor":35,"turns":4},{"damage":0,"enemies":"2 Orb Walkers","floor":38,"turns":4},{"damage":0,"enemies":"Nemesis","floor":41,"turns":4},{"damage":1,"enemies":"Reptomancer","floor":44,"turns":5},{"damage":0,"enemies":"Giant Head","floor":46,"turns":6},{"damage":0,"enemies":"Mind Bloom Boss Battle","floor":47,"turns":4},{"damage":0,"enemies":"Orb Walker","floor":48,"turns":2},{"damage":70,"enemies":"Time Eater","floor":50,"turns":10},{"damage":16,"enemies":"Awakened One","floor":51,"turns":1}],"seed_played":"-823081936010154426","potions_obtained":[{"floor":7,"key":"Energy Potion"},{"floor":11,"key":"SteroidPotion"},{"floor":14,"key":"LiquidMemories"},{"floor":18,"key":"GamblersBrew"},{"floor":28,"key":"LiquidMemories"},{"floor":29,"key":"Weak Potion"},{"floor":41,"key":"SkillPotion"},{"floor":44,"key":"SkillPotion"},{"floor":46,"key":"Energy Potion"}],"is_trial":false,"path_per_floor":["M","?","$","M","T","R","M","E","T","R","M","M","T","E","R","B",null,"M","$","M","M","?","E","M","R","T","R","E","M","R","E","R","B",null,"M","$","?","?","?","R","E","R","T","E","R","E","?","M","R","B","B"],"character_chosen":"WATCHER","items_purchased":["Orrery","EmptyMind","TalkToTheHand","Adaptation","TalkToTheHand","ClockworkSouvenir"],"campfire_rested":3,"item_purchase_floors":[3,19,19,36,36,36],"current_hp_per_floor":[52,32,32,32,32,32,32,30,30,30,30,30,30,35,35,29,58,58,58,43,43,24,1,11,46,46,46,10,15,50,48,48,11,54,36,36,36,36,26,61,61,61,61,65,65,65,65,65,65,5,0],"gold":503,"neow_bonus":"TWO_FIFTY_GOLD","is_prod":false,"is_daily":false,"chose_seed":false,"campfire_upgraded":7,"win_rate":0,"timestamp":1704913453,"path_taken":["M","?","$","M","?","R","M","E","T","R","M","M","?","E","R","BOSS","M","$","M","M","?","E","M","R","T","R","E","M","R","E","R","BOSS","M","$","?","?","?","R","E","R","T","E","R","E","?","?","R","BOSS","BOSS"],"build_version":"2022-12-18","purchased_purges":3,"victory":false,"max_hp_per_floor":[68,68,68,68,68,68,68,68,68,68,68,68,68,68,68,68,68,68,68,68,68,68,68,68,68,68,68,68,68,68,68,68,68,68,68,68,68,68,68,68,68,68,68,68,68,68,68,68,68,68,68],"card_choices":[{"not_picked":["Collect","Halt","Swivel"],"picked":"SKIP","floor":1},{"not_picked":["Fasting2","JustLucky"],"picked":"CutThroughFate","floor":3},{"not_picked":["ClearTheMind","EmptyBody"],"picked":"DeceiveReality","floor":3},{"not_picked":["FollowUp","Collect"],"picked":"FlurryOfBlows","floor":3},{"not_picked":["Halt","ClearTheMind"],"picked":"Consecrate","floor":4},{"not_picked":["PathToVictory","JustLucky"],"picked":"Vengeance","floor":7},{"not_picked":["JustLucky","BattleHymn","Swivel"],"picked":"SKIP","floor":8},{"not_picked":["FlyingSleeves","LikeWater","ThirdEye"],"picked":"SKIP","floor":11},{"not_picked":["Evaluate","Vengeance"],"picked":"Halt","floor":12},{"not_picked":["DeceiveReality","SignatureMove"],"picked":"CarveReality","floor":14},{"not_picked":["FollowUp+1","Conclude"],"picked":"Tantrum","floor":18},{"not_picked":["Halt","BowlingBash","JustLucky"],"picked":"SKIP","floor":20},{"not_picked":["Worship","WaveOfTheHand"],"picked":"ClearTheMind","floor":21},{"not_picked":["Tantrum","Evaluate","Vengeance"],"picked":"SKIP","floor":23},{"not_picked":["DeceiveReality","DevaForm","Crescendo+1"],"picked":"SKIP","floor":24},{"not_picked":["Evaluate","BowlingBash","Nirvana"],"picked":"SKIP","floor":28},{"not_picked":["FlyingSleeves","Study","FollowUp"],"picked":"SKIP","floor":29},{"not_picked":["Perseverance","EmptyFist"],"picked":"ThirdEye","floor":31},{"not_picked":["Protect","Consecrate","EmptyBody"],"picked":"SKIP","floor":35},{"not_picked":["Transmutation","Finesse"],"picked":"Secret Technique","floor":39},{"not_picked":["WheelKick","WindmillStrike"],"picked":"InnerPeace+1","floor":41},{"not_picked":["Sanctity","Wallop","Conclude"],"picked":"SKIP","floor":44},{"not_picked":["BattleHymn","Evaluate","Consecrate"],"picked":"SKIP","floor":46},{"not_picked":["SignatureMove","Study"],"picked":"Fasting2","floor":47},{"not_picked":["PathToVictory","Halt"],"picked":"Scrawl","floor":48},{"not_picked":["CrushJoints","WindmillStrike+1","ClearTheMind+1"],"picked":"SKIP","floor":48}],"player_experience":1220270,"relics_obtained":[{"floor":8,"key":"Toy Ornithopter"},{"floor":9,"key":"War Paint"},{"floor":13,"key":"Nunchaku"},{"floor":14,"key":"Whetstone"},{"floor":23,"key":"Regal Pillow"},{"floor":26,"key":"Akabeko"},{"floor":28,"key":"Happy Flower"},{"floor":31,"key":"Boot"},{"floor":38,"key":"Ginger"},{"floor":41,"key":"TeardropLocket"},{"floor":43,"key":"Sundial"},{"floor":44,"key":"MawBank"},{"floor":46,"key":"Potion Belt"},{"floor":47,"key":"Prayer Wheel"}],"event_choices":[{"damage_healed":0,"gold_gain":0,"player_choice":"Entered Light","damage_taken":20,"max_hp_gain":0,"max_hp_loss":0,"event_name":"Shining Light","floor":2,"gold_loss":0,"cards_upgraded":["Defend_P","Vigilance"]},{"damage_healed":0,"gold_gain":180,"player_choice":"GOLD GOLD ","damage_taken":19,"max_hp_gain":0,"max_hp_loss":0,"event_name":"Knowing Skull","floor":22,"potions_obtained":[],"gold_loss":0,"cards_obtained":[]},{"cards_removed":["Defend_P"],"damage_healed":0,"gold_gain":0,"player_choice":"Removed Skill","damage_taken":0,"max_hp_gain":0,"max_hp_loss":0,"event_name":"Falling","floor":37,"gold_loss":0},{"damage_healed":0,"gold_gain":0,"player_choice":"Fight","damage_taken":0,"max_hp_gain":0,"max_hp_loss":0,"event_name":"Mysterious Sphere","floor":38,"gold_loss":0},{"damage_healed":0,"gold_gain":0,"player_choice":"Memory 3","damage_taken":10,"max_hp_gain":0,"max_hp_loss":0,"event_name":"SensoryStone","floor":39,"gold_loss":0},{"damage_healed":0,"gold_gain":0,"player_choice":"Fight","damage_taken":0,"max_hp_gain":0,"max_hp_loss":0,"event_name":"MindBloom","floor":47,"gold_loss":0}],"is_beta":false,"boss_relics":[{"not_picked":["Empty Cage","Cursed Key"],"picked":"Philosopher\u0027s Stone"},{"not_picked":["Calling Bell","Astrolabe"],"picked":"Runic Pyramid"}],"items_purged_floors":[3,19,36],"is_endless":false,"potions_floor_spawned":[7,11,14,18,23,28,29,41,44,46],"killed_by":"Awakened One","ascension_level":20}