{"gold_per_floor":[116,167,207,240,240,240,274,274,274,343,343,299,299,329,329,400,400,435,435,435,435,475,475,490,490,561,162,162,221,261,0,0,74,74,117,117,142],"floor_reached":37,"playtime":1174,"items_purged":["Defend_P","Defend_P"],"score":940,"play_id":"83888155-b24c-4619-9e6e-5ff4a216d4f6","local_time":"20240123025100","is_ascension_mode":true,"campfire_choices":[{"data":"Eruption","floor":6,"key":"SMITH"},{"data":"HandOfGreed","floor":8,"key":"SMITH"},{"floor":13,"key":"REST"},{"data":"WheelKick","floor":15,"key":"SMITH"},{"data":"Halt","floor":23,"key":"SMITH"},{"data":"Wallop","floor":25,"key":"SMITH"},{"floor":28,"key":"REST"},{"data":"MentalFortress","floor":32,"key":"SMITH"}],"neow_cost":"PERCENT_DAMAGE","seed_source_timestamp":1102653853064999,"circlet_count":0,"master_deck":["AscendersBane","Strike_P","Defend_P","Defend_P","Eruption+1","Vigilance","HandOfGreed+1","MentalFortress+1","Wallop+1","WheelKick+1","Adaptation+1","EmptyFist","Tantrum","Halt+1","TalkToTheHand","SpiritShield","Crescendo+1","MentalFortress+1","Nirvana+1"],"relics":["PureWater","Boot","Bottled Tornado","Dead Branch","Runic Pyramid","HandDrill","Lantern","Anchor","Centennial Puzzle","Astrolabe"],"potions_floor_usage":[7,14,14,33,35,37,37],"damage_taken":[{"damage":0,"enemies":"Small Slimes","floor":1,"turns":2},{"damage":0,"enemies":"2 Louse","floor":2,"turns":4},{"damage":14,"enemies":"Jaw Worm","floor":3,"turns":5},{"damage":4,"enemies":"Large Slime","floor":4,"turns":5},{"damage":4,"enemies":"Gremlin Nob","floor":7,"turns":3},{"damage":15,"enemies":"Exordium Wildlife","floor":10,"turns":6},{"damage":0,"enemies":"Lagavulin","floor":14,"turns":4},{"damage":0,"enemies":"Slime Boss","floor":16,"turns":4},{"damage":1,"enemies":"3 Byrds","floor":18,"turns":5},{"damage":0,"enemies":"Spheric Guardian","floor":22,"turns":3},{"damage":11,"enemies":"Centurion and Healer","floor":24,"turns":3},{"damage":1,"enemies":"Book of Stabbing","floor":29,"turns":3},{"damage":2,"enemies":"Snake Plant","floor":30,"turns":2},{"damage":4,"enemies":"Champ","floor":33,"turns":8},{"damage":0,"enemies":"Orb Walker","floor":35,"turns":2},{"damage":102,"enemies":"2 Orb Walkers","floor":37,"turns":4}],"seed_played":"-1009829631111032115","potions_obtained":[{"floor":1,"key":"Swift Potion"},{"floor":3,"key":"SteroidPotion"},{"floor":7,"key":"Ancient Potion"},{"floor":10,"key":"Fire Potion"},{"floor":16,"key":"SteroidPotion"},{"floor":18,"key":"LiquidMemories"},{"floor":22,"key":"Ambrosia"},{"floor":33,"key":"BottledMiracle"},{"floor":35,"key":"BlessingOfTheForge"}],"is_trial":false,"path_per_floor":["M","M","M","M","?","R","E","R","T","M","?","?","R","E","R","B",null,"M","?","?","?","M","R","M","R","T","$","R","E","M","$","R","B",null,"M","?","?"],"character_chosen":"WATCHER","items_purchased":["HandDrill","Lantern","Centennial Puzzle"],"campfire_rested":2,"item_purchase_floors":[27,27,31],"current_hp_per_floor":[43,43,29,25,25,25,21,21,21,6,6,6,26,26,26,26,58,57,57,57,38,38,38,27,27,27,27,48,47,45,45,45,41,65,65,65,0],"gold":142,"neow_bonus":"RANDOM_COLORLESS_2","is_prod":false,"is_daily":false,"chose_seed":false,"campfire_upgraded":6,"win_rate":0,"timestamp":1706007060,"path_taken":["M","M","M","M","?","R","E","R","T","M","?","?","R","E","R","BOSS","M","?","?","?","?","R","M","R","T","$","R","E","M","$","R","BOSS","M","?","?"],"build_version":"2022-12-18","purchased_purges":2,"victory":false,"max_hp_per_floor":[68,68,68,68,68,68,68,68,68,68,68,68,68,68,68,68,68,68,68,68,73,73,73,73,73,73,73,73,73,73,73,73,73,73,73,73,73],"card_choices":[{"not_picked":["Chrysalis","The Bomb"],"picked":"HandOfGreed","floor":0},{"not_picked":["FlurryOfBlows","FlyingSleeves"],"picked":"MentalFortress","floor":1},{"not_picked":["CutThroughFate","Halt"],"picked":"Wallop","floor":2},{"not_picked":["Halt","DeceiveReality"],"picked":"WheelKick","floor":3},{"not_picked":["SashWhip","CarveReality","WreathOfFlame"],"picked":"SKIP","floor":4},{"not_picked":["TalkToTheHand","LikeWater"],"picked":"Adaptation","floor":7},{"not_picked":["Nirvana","PathToVictory"],"picked":"EmptyFist","floor":10},{"not_picked":["Meditate","Sanctity"],"picked":"Tantrum","floor":14},{"not_picked":["CarveReality","Adaptation","SashWhip"],"picked":"SKIP","floor":18},{"not_picked":["Protect","FlurryOfBlows","ThirdEye"],"picked":"SKIP","floor":22},{"not_picked":["DeceiveReality+1","Evaluate","Crescendo"],"picked":"SKIP","floor":24},{"not_picked":["Sanctity","Protect","FlurryOfBlows"],"picked":"SKIP","floor":29},{"not_picked":["DeceiveReality","EmptyMind"],"picked":"TalkToTheHand","floor":30},{"not_picked":["Establishment","Brilliance"],"picked":"SpiritShield","floor":33},{"not_picked":["WheelKick","Adaptation","WindmillStrike"],"picked":"SKIP","floor":35}],"player_experience":1271772,"relics_obtained":[{"floor":7,"key":"Boot"},{"floor":9,"key":"Bottled Tornado"},{"floor":14,"key":"Dead Branch"},{"floor":29,"key":"Anchor"}],"event_choices":[{"damage_healed":0,"gold_gain":0,"player_choice":"Ignored","damage_taken":0,"max_hp_gain":0,"max_hp_loss":0,"event_name":"Liars Game","floor":5,"gold_loss":0},{"damage_healed":0,"gold_gain":0,"player_choice":"Grow","damage_taken":0,"max_hp_gain":0,"max_hp_loss":0,"event_name":"Living Wall","floor":11,"gold_loss":0,"cards_upgraded":["Adaptation"]},{"damage_healed":0,"gold_gain":0,"player_choice":"Left Gold","damage_taken":0,"max_hp_gain":0,"max_hp_loss":0,"event_name":"World of Goop","floor":12,"gold_loss":44},{"damage_healed":0,"gold_gain":0,"player_choice":"Ignored","damage_taken":0,"max_hp_gain":0,"max_hp_loss":0,"event_name":"The Mausoleum","floor":19,"gold_loss":0},{"damage_healed":0,"gold_gain":0,"player_choice":"Read","damage_taken":0,"max_hp_gain":0,"max_hp_loss":0,"event_name":"The Library","floor":20,"gold_loss":0,"cards_obtained":["Halt"]},{"damage_healed":0,"gold_gain":0,"player_choice":"Shed Blood","damage_taken":24,"max_hp_gain":5,"max_hp_loss":0,"event_name":"Forgotten Altar","floor":21,"gold_loss":0},{"damage_healed":0,"gold_gain":0,"player_choice":"Ignored","damage_taken":0,"max_hp_gain":0,"max_hp_loss":0,"event_name":"Tomb of Lord Red Mask","floor":36,"gold_loss":0},{"damage_healed":0,"gold_gain":0,"player_choice":"Fight","damage_taken":0,"max_hp_gain":0,"max_hp_loss":0,"event_name":"Mysterious Sphere","floor":37,"gold_loss":0}],"is_beta":false,"boss_relics":[{"not_picked":["Velvet Choker","Calling Bell"],"picked":"Runic Pyramid"},{"not_picked":["Snecko Eye","HolyWater"],"picked":"Astrolabe"}],"items_purged_floors":[27,31],"is_endless":false,"potions_floor_spawned":[1,3,7,10,16,18,22,29,33,35],"killed_by":"2 Orb Walkers","ascension_level":20}