{"gold_per_floor":[119,133,133,153,78,78,78,78,78,111,111,124,74,89,89,193,193,210,220,234,234,160,160],"floor_reached":23,"playtime":1401,"items_purged":["Strike_B"],"score":191,"play_id":"7aceaad2-da20-46c9-bf5e-b8dc68cbd45f","local_time":"20230808223352","is_ascension_mode":false,"campfire_choices":[{"data":"Leap","floor":6,"key":"SMITH"},{"data":"Loop","floor":8,"key":"SMITH"},{"data":"Self Repair","floor":11,"key":"SMITH"},{"data":"Rainbow","floor":15,"key":"SMITH"}],"neow_cost":"NONE","seed_source_timestamp":2018186100677900,"circlet_count":0,"master_deck":["Strike_B+1","Defend_B+1","Defend_B+1","Defend_B+1","Zap+1","Dualcast","Leap+1","Genetic Algorithm","Loop+1","Rainbow+1","Self Repair+1","Cold Snap","Go for the Eyes","Amplify","Chaos"],"relics":["Cracked Core","Dream Catcher","Bottled Lightning","Shuriken","Empty Cage"],"potions_floor_usage":[10,23,23],"damage_taken":[{"damage":1,"enemies":"Jaw Worm","floor":1,"turns":3},{"damage":0,"enemies":"Cultist","floor":2,"turns":3},{"damage":2,"enemies":"Small Slimes","floor":4,"turns":3},{"damage":33,"enemies":"Gremlin Nob","floor":10,"turns":6},{"damage":0,"enemies":"3 Louse","floor":12,"turns":4},{"damage":0,"enemies":"Lots of Slimes","floor":14,"turns":4},{"damage":31,"enemies":"Slime Boss","floor":16,"turns":12},{"damage":1,"enemies":"Shell Parasite","floor":18,"turns":6},{"damage":25,"enemies":"3 Byrds","floor":19,"turns":5},{"damage":24,"enemies":"Sentry and Sphere","floor":20,"turns":6},{"damage":46,"enemies":"Gremlin Leader","floor":23,"turns":7}],"seed_played":"3067008550520239513","potions_obtained":[{"floor":2,"key":"SteroidPotion"},{"floor":10,"key":"LiquidBronze"},{"floor":14,"key":"Dexterity Potion"}],"is_trial":false,"path_per_floor":["M","M","?","M","$","R","?","R","T","E","R","M","$","M","R","B",null,"M","M","M","?","$","E"],"character_chosen":"DEFECT","items_purchased":["Go for the Eyes","Chaos"],"campfire_rested":0,"item_purchase_floors":[13,22],"current_hp_per_floor":[74,74,74,72,72,72,72,72,72,39,39,49,49,49,49,28,75,75,50,46,46,46,0],"gold":160,"neow_bonus":"RANDOM_COMMON_RELIC","is_prod":false,"is_daily":false,"chose_seed":false,"campfire_upgraded":4,"win_rate":0,"timestamp":1691559232,"path_taken":["M","M","?","?","$","R","?","R","T","E","R","?","$","M","R","BOSS","M","M","M","?","$","E"],"build_version":"2022-12-18","purchased_purges":1,"victory":false,"max_hp_per_floor":[75,75,75,75,75,75,75,75,75,75,75,75,75,75,75,75,75,75,75,75,75,75,75],"card_choices":[{"not_picked":["Gash","Sunder"],"picked":"Leap","floor":1},{"not_picked":["Turbo","Barrage"],"picked":"Genetic Algorithm","floor":2},{"not_picked":["Redo","Beam Cell"],"picked":"Loop","floor":4},{"not_picked":["Heatsinks","Biased Cognition"],"picked":"Self Repair","floor":10},{"not_picked":["Gash","Beam Cell"],"picked":"Cold Snap","floor":12},{"not_picked":["Beam Cell","Skim","Tempest"],"picked":"SKIP","floor":14},{"not_picked":["Fission","Echo Form"],"picked":"Amplify","floor":16},{"not_picked":["Compile Driver","Gash","Ball Lightning"],"picked":"SKIP","floor":18},{"not_picked":["Fusion","Scrape","Coolheaded"],"picked":"SKIP","floor":19},{"not_picked":["Cold Snap","Turbo","Coolheaded+1"],"picked":"SKIP","floor":20}],"player_experience":174721,"relics_obtained":[{"floor":9,"key":"Bottled Lightning"},{"floor":10,"key":"Shuriken"}],"event_choices":[{"damage_healed":0,"gold_gain":0,"player_choice":"Upgraded","damage_taken":0,"max_hp_gain":0,"max_hp_loss":0,"event_name":"Upgrade Shrine","floor":3,"gold_loss":0,"cards_upgraded":["Zap"]},{"damage_healed":0,"gold_gain":0,"cards_transformed":["Strike_B"],"player_choice":"Transformed","damage_taken":0,"max_hp_gain":0,"max_hp_loss":0,"event_name":"Transmorgrifier","floor":7,"gold_loss":0,"cards_obtained":["Rainbow"]},{"damage_healed":0,"gold_gain":0,"player_choice":"Simplicity","damage_taken":0,"max_hp_gain":0,"max_hp_loss":0,"event_name":"Back to Basics","floor":21,"gold_loss":0,"cards_upgraded":["Strike_B","Defend_B","Defend_B","Defend_B"]}],"is_beta":false,"boss_relics":[{"not_picked":["Calling Bell","Fusion Hammer"],"picked":"Empty Cage"}],"items_purged_floors":[5],"is_endless":false,"potions_floor_spawned":[2,10,14],"killed_by":"Gremlin Leader","ascension_level":0}