{"gold_per_floor":[109,109,127,202,217,245,245,265,265,283,309,329,329,329,329,329],"floor_reached":16,"playtime":803,"items_purged":[],"score":112,"play_id":"6388a30e-479f-4cba-80cc-689941bd8960","local_time":"20230805214843","is_ascension_mode":false,"campfire_choices":[{"data":"Conserve Battery","floor":7,"key":"SMITH"},{"data":"White Noise","floor":13,"key":"SMITH"},{"floor":15,"key":"REST"}],"neow_cost":"NONE","seed_source_timestamp":1756884430323500,"circlet_count":0,"master_deck":["Strike_B","Strike_B","Strike_B","Strike_B","Defend_B","Defend_B","Defend_B","Defend_B","Zap","Dualcast","Flash of Steel","Beam Cell","Capacitor","Conserve Battery+1","Sweeping Beam","Melter","White Noise+1","Leap","Coolheaded"],"relics":["Cracked Core","Mercury Hourglass","Kunai","Question Card","Singing Bowl"],"potions_floor_usage":[6,16],"damage_taken":[{"damage":2,"enemies":"2 Louse","floor":1,"turns":2},{"damage":0,"enemies":"Cultist","floor":3,"turns":3},{"damage":2,"enemies":"Small Slimes","floor":5,"turns":2},{"damage":26,"enemies":"Gremlin Nob","floor":6,"turns":4},{"damage":0,"enemies":"Blue Slaver","floor":8,"turns":3},{"damage":0,"enemies":"Looter","floor":10,"turns":2},{"damage":19,"enemies":"Lagavulin","floor":11,"turns":7},{"damage":0,"enemies":"Red Slaver","floor":12,"turns":3},{"damage":49,"enemies":"Slime Boss","floor":16,"turns":5}],"seed_played":"-695320023672817239","potions_obtained":[{"floor":1,"key":"SteroidPotion"},{"floor":3,"key":"GamblersBrew"},{"floor":12,"key":"Regen Potion"}],"is_trial":false,"path_per_floor":["M","?","M","?","M","E","R","M","T","M","E","M","R","?","R","B"],"character_chosen":"DEFECT","items_purchased":[],"campfire_rested":1,"item_purchase_floors":[],"current_hp_per_floor":[73,70,70,59,57,31,31,31,31,31,12,12,12,5,27,0],"gold":329,"neow_bonus":"RANDOM_COLORLESS","is_prod":false,"is_daily":false,"chose_seed":false,"campfire_upgraded":2,"win_rate":0,"timestamp":1691297323,"path_taken":["M","?","M","?","M","E","R","M","T","M","E","M","R","?","R","BOSS"],"build_version":"2022-12-18","purchased_purges":0,"victory":false,"max_hp_per_floor":[75,75,75,75,75,75,75,75,75,75,75,75,75,75,75,75],"card_choices":[{"not_picked":["Impatience","Mind Blast"],"picked":"Flash of Steel","floor":0},{"not_picked":["Static Discharge","Compile Driver"],"picked":"Beam Cell","floor":1},{"not_picked":["Gash","Compile Driver"],"picked":"Capacitor","floor":3},{"not_picked":["Sweeping Beam","Storm"],"picked":"Conserve Battery","floor":5},{"not_picked":["Gash","Steam"],"picked":"Sweeping Beam","floor":6},{"not_picked":["Thunder Strike","Redo"],"picked":"Melter","floor":8},{"not_picked":["Sunder","Steam Power","BootSequence"],"picked":"White Noise","floor":10},{"not_picked":["Go for the Eyes","Redo","Amplify"],"picked":"Leap","floor":11},{"not_picked":["Steam","Stack","Gash"],"picked":"Coolheaded","floor":12}],"player_experience":98209,"relics_obtained":[{"floor":6,"key":"Kunai"},{"floor":9,"key":"Question Card"},{"floor":11,"key":"Singing Bowl"}],"event_choices":[{"damage_healed":0,"gold_gain":0,"player_choice":"Success","damage_taken":3,"relics_obtained":["Mercury Hourglass"],"max_hp_gain":0,"max_hp_loss":0,"event_name":"Scrap Ooze","floor":2,"gold_loss":0},{"damage_healed":0,"gold_gain":75,"player_choice":"Gather Gold","damage_taken":11,"max_hp_gain":0,"max_hp_loss":0,"event_name":"World of Goop","floor":4,"gold_loss":0},{"damage_healed":0,"gold_gain":0,"player_choice":"Damaged","damage_taken":7,"max_hp_gain":0,"max_hp_loss":0,"event_name":"Wheel of Change","floor":14,"gold_loss":0}],"is_beta":false,"boss_relics":[],"items_purged_floors":[],"is_endless":false,"potions_floor_spawned":[1,3,12],"killed_by":"Slime Boss","ascension_level":0}