{"gold_per_floor":[119,193,210,227,227,227,35,66,128,180,6,6,30,55,55,185,185,199,219,318,318,87,120,120,155,155,189,209,209,230,230,230,359,422,440,440,230,250,74,74,74,109,109,109,123,167,29,29,29,29],"floor_reached":51,"playtime":3745,"items_purged":["Strike_B","Strike_B","Defend_B","Strike_B"],"score":769,"play_id":"98b95070-0e5e-4586-8d1a-b7d76fede33d","local_time":"20230813045856","is_ascension_mode":false,"campfire_choices":[{"data":"Zap","floor":6,"key":"SMITH"},{"data":"Leap","floor":12,"key":"SMITH"},{"data":"Capacitor","floor":15,"key":"SMITH"},{"data":"White Noise","floor":24,"key":"SMITH"},{"data":"Conserve Battery","floor":29,"key":"SMITH"},{"data":"Glacier","floor":32,"key":"SMITH"},{"data":"Panache","floor":41,"key":"SMITH"},{"data":"Loop","floor":44,"key":"SMITH"},{"floor":49,"key":"REST"}],"neow_cost":"NONE","seed_source_timestamp":355389731127900,"circlet_count":0,"master_deck":["Strike_B","Defend_B","Defend_B","Defend_B","Zap+1","Dualcast","Madness","Ball Lightning","Conserve Battery+1","Coolheaded","Capacitor+1","Electrodynamics","Leap+1","Bandage Up","Steam+1","Leap","Echo Form","Skim+1","White Noise+1","Steam+1","Go for the Eyes+1","Glacier+1","Reboot","Hologram+1","Panache+1","Stack+1","Loop+1","Capacitor+1","Go for the Eyes","Biased Cognition"],"relics":["Cracked Core","Mercury Hourglass","Golden Idol","Membership Card","MawBank","Omamori","WingedGreaves","Letter Opener","Nuclear Battery","WarpedTongs","Cables","Blood Vial","Darkstone Periapt","Bag of Marbles","Kunai","Girya","Tiny House","Bag of Preparation","DollysMirror","Anchor","Bottled Flame","Eternal Feather"],"potions_floor_usage":[8,10,42,46,46,50,50,50],"damage_taken":[{"damage":0,"enemies":"Cultist","floor":1,"turns":3},{"damage":1,"enemies":"Jaw Worm","floor":3,"turns":2},{"damage":0,"enemies":"Small Slimes","floor":4,"turns":2},{"damage":18,"enemies":"Gremlin Nob","floor":8,"turns":4},{"damage":0,"enemies":"3 Sentries","floor":10,"turns":5},{"damage":5,"enemies":"Blue Slaver","floor":13,"turns":3},{"damage":0,"enemies":"Exordium Thugs","floor":14,"turns":2},{"damage":24,"enemies":"Hexaghost","floor":16,"turns":11},{"damage":18,"enemies":"2 Thieves","floor":18,"turns":3},{"damage":1,"enemies":"Spheric Guardian","floor":19,"turns":5},{"damage":2,"enemies":"Book of Stabbing","floor":23,"turns":6},{"damage":18,"enemies":"Gremlin Leader","floor":25,"turns":5},{"damage":23,"enemies":"Book of Stabbing","floor":27,"turns":6},{"damage":9,"enemies":"3 Cultists","floor":28,"turns":4},{"damage":11,"enemies":"Shelled Parasite and Fungi","floor":30,"turns":5},{"damage":15,"enemies":"Champ","floor":33,"turns":12},{"damage":0,"enemies":"3 Shapes","floor":35,"turns":4},{"damage":6,"enemies":"Orb Walker","floor":38,"turns":3},{"damage":28,"enemies":"Giant Head","floor":42,"turns":12},{"damage":0,"enemies":"Transient","floor":45,"turns":5},{"damage":32,"enemies":"Reptomancer","floor":46,"turns":6},{"damage":5,"enemies":"Donu and Deca","floor":50,"turns":7}],"seed_played":"-746095694205790993","potions_obtained":[{"floor":4,"key":"DistilledChaos"},{"floor":8,"key":"SpeedPotion"},{"floor":18,"key":"Ancient Potion"},{"floor":27,"key":"Energy Potion"},{"floor":30,"key":"Explosive Potion"},{"floor":34,"key":"SteroidPotion"},{"floor":38,"key":"BlessingOfTheForge"},{"floor":46,"key":"Energy Potion"}],"is_trial":false,"path_per_floor":["M","T","M","M","?","R","$","E","T","E","$","R","M","M","R","B",null,"M","M","?","?","$","E","R","E","T","E","M","R","M","?","R","B",null,"M","?","$","M","$","?","R","E","T","R","M","E","$","$","R","B",null],"character_chosen":"DEFECT","items_purchased":["Membership Card","Capacitor","Letter Opener","Leap","Bandage Up","Cables","Blood Vial","Bag of Preparation","Panache","Loop","DollysMirror","EssenceOfSteel","Swift Potion"],"campfire_rested":1,"item_purchase_floors":[7,7,11,11,11,22,22,37,37,39,39,47,47],"current_hp_per_floor":[75,75,74,74,56,56,56,38,38,38,38,38,37,37,37,17,75,57,60,60,60,60,64,64,54,54,37,36,36,31,31,31,22,80,80,80,80,74,74,74,74,52,52,52,66,40,40,40,80,80],"gold":29,"neow_bonus":"RANDOM_COLORLESS","is_prod":false,"is_daily":false,"chose_seed":false,"campfire_upgraded":8,"win_rate":0,"timestamp":1691927936,"path_taken":["M","?","M","M","?","R","$","E","T","E","$","R","M","M","R","BOSS","M","M","?","?","$","E","R","E","T","E","?","R","M","?","R","BOSS","M","?","$","M","$","?","R","E","T","R","M","E","?","$","R","BOSS"],"build_version":"2022-12-18","purchased_purges":4,"victory":true,"max_hp_per_floor":[75,75,75,75,75,75,75,75,75,75,75,75,75,75,75,75,75,75,75,75,75,75,75,75,75,75,75,75,75,75,75,75,75,80,80,80,80,80,80,80,80,80,80,80,80,80,80,80,80,80],"card_choices":[{"not_picked":["Swift Strike","Mind Blast"],"picked":"Madness","floor":0},{"not_picked":["Beam Cell","Steam Power"],"picked":"Ball Lightning","floor":1},{"not_picked":["Streamline","Hello World"],"picked":"Conserve Battery","floor":3},{"not_picked":["Compile Driver","Redo"],"picked":"Coolheaded","floor":4},{"not_picked":["Rip and Tear","Sweeping Beam","Blizzard"],"picked":"SKIP","floor":8},{"not_picked":["Heatsinks","Beam Cell"],"picked":"Electrodynamics","floor":10},{"not_picked":["Self Repair","Barrage"],"picked":"Steam","floor":13},{"not_picked":["Beam Cell","Darkness"],"picked":"Leap","floor":14},{"not_picked":["Meteor Strike","Hyperbeam"],"picked":"Echo Form","floor":16},{"not_picked":["Rip and Tear","Sunder"],"picked":"Skim+1","floor":18},{"not_picked":["Static Discharge","Gash","Compile Driver"],"picked":"SKIP","floor":19},{"not_picked":["Redo","Glacier"],"picked":"White Noise","floor":23},{"not_picked":["Scrape","Rebound"],"picked":"Steam+1","floor":25},{"not_picked":["Heatsinks","Hologram","Self Repair"],"picked":"SKIP","floor":27},{"not_picked":["Sunder","Turbo+1","Streamline"],"picked":"SKIP","floor":28},{"not_picked":["Rebound+1","Beam Cell+1"],"picked":"Go for the Eyes+1","floor":30},{"not_picked":["Creative AI","All For One"],"picked":"Reboot","floor":33},{"not_picked":["Genetic Algorithm","Coolheaded"],"picked":"Hologram+1","floor":35},{"not_picked":["Doom and Gloom+1","Barrage"],"picked":"Stack+1","floor":38},{"not_picked":["Stack","Reinforced Body+1"],"picked":"Go for the Eyes","floor":42},{"not_picked":["Genetic Algorithm","Turbo"],"picked":"Biased Cognition","floor":45},{"not_picked":["Chaos","Conserve Battery+1","Cold Snap"],"picked":"SKIP","floor":46}],"player_experience":214107,"relics_obtained":[{"floor":2,"key":"Mercury Hourglass"},{"floor":8,"key":"MawBank"},{"floor":9,"key":"Omamori"},{"floor":10,"key":"WingedGreaves"},{"floor":23,"key":"Darkstone Periapt"},{"floor":25,"key":"Bag of Marbles"},{"floor":26,"key":"Kunai"},{"floor":27,"key":"Girya"},{"floor":42,"key":"Anchor"},{"floor":43,"key":"Bottled Flame"},{"floor":46,"key":"Eternal Feather"}],"event_choices":[{"damage_healed":0,"gold_gain":0,"player_choice":"Take Damage","damage_taken":18,"relics_obtained":["Golden Idol"],"max_hp_gain":0,"max_hp_loss":0,"event_name":"Golden Idol","floor":5,"gold_loss":0},{"damage_healed":0,"gold_gain":99,"player_choice":"Stole From Cult","damage_taken":0,"max_hp_gain":0,"max_hp_loss":0,"event_name":"Nest","floor":20,"gold_loss":0},{"damage_healed":0,"gold_gain":0,"player_choice":"Rummage","damage_taken":0,"relics_obtained":["WarpedTongs"],"max_hp_gain":0,"max_hp_loss":0,"event_name":"Accursed Blacksmith","floor":21,"gold_loss":0,"cards_obtained":["Pain"]},{"damage_healed":0,"gold_gain":0,"player_choice":"Read","damage_taken":0,"max_hp_gain":0,"max_hp_loss":0,"event_name":"The Library","floor":31,"gold_loss":0,"cards_obtained":["Glacier"]},{"damage_healed":20,"gold_gain":0,"player_choice":"Writhe","damage_taken":0,"max_hp_gain":0,"max_hp_loss":0,"event_name":"Winding Halls","floor":36,"gold_loss":0,"cards_obtained":["Writhe"]},{"damage_healed":0,"gold_gain":0,"player_choice":"Ignored","damage_taken":0,"max_hp_gain":0,"max_hp_loss":0,"event_name":"Mysterious Sphere","floor":40,"gold_loss":0}],"is_beta":false,"boss_relics":[{"not_picked":["SacredBark","Black Star"],"picked":"Nuclear Battery"},{"not_picked":["Fusion Hammer","Velvet Choker"],"picked":"Tiny House"}],"items_purged_floors":[22,37,39,47],"is_endless":false,"potions_floor_spawned":[4,8,18,27,30,38,46],"ascension_level":0}