{"gold_per_floor":[114,132,132,145,145,145,68,68,68,109,33,77,77,92,92,217,217,242,256,281,302,318,318,342,342,342,342,360,275,294,308,308,458,458,478,502,54,78,78,78,103,103,183,208,224,224,0,0,0,0,0,0,0,0],"floor_reached":54,"playtime":5325,"items_purged":["Doubt"],"score":653,"play_id":"f9ca4b7f-f0ce-45f4-96e7-a91c074b5220","local_time":"20230806030319","is_ascension_mode":false,"campfire_choices":[{"data":"Zap","floor":6,"key":"SMITH"},{"data":"Defragment","floor":8,"key":"SMITH"},{"floor":13,"key":"REST"},{"data":"Consume","floor":15,"key":"SMITH"},{"data":"Conserve Battery","floor":23,"key":"SMITH"},{"data":"Loop","floor":27,"key":"SMITH"},{"data":"Consume","floor":32,"key":"SMITH"},{"data":"Machine Learning","floor":40,"key":"SMITH"},{"data":"Go for the Eyes","floor":42,"key":"SMITH"},{"floor":49,"key":"RECALL"},{"data":"Darkness","floor":52,"key":"SMITH"}],"neow_cost":"NONE","seed_source_timestamp":1771225033836800,"circlet_count":0,"master_deck":["Defend_B+1","Defend_B+1","Defend_B+1","Defend_B+1","Zap+1","Dualcast","Lockon","Hologram","Go for the Eyes+1","Conserve Battery+1","Defragment+1","Cold Snap","Consume+1","Glacier","Machine Learning+1","Fusion","Fusion+1","FTL","BootSequence","Loop+1","Lockon+1","Consume+1","Compile Driver+1","Self Repair+1","Stack+1","Darkness+1","Parasite","Redo+1","Injury"],"relics":["Cracked Core","Golden Idol","Bottled Lightning","Kunai","Tiny Chest","Cursed Key","Turnip","Mummified Hand","SlaversCollar","Frozen Egg 2","Sundial","Red Mask"],"potions_floor_usage":[10,16,22,33,33,54,54,54],"damage_taken":[{"damage":0,"enemies":"Cultist","floor":1,"turns":2},{"damage":0,"enemies":"2 Louse","floor":2,"turns":1},{"damage":3,"enemies":"Jaw Worm","floor":4,"turns":2},{"damage":28,"enemies":"Gremlin Nob","floor":10,"turns":4},{"damage":9,"enemies":"Lagavulin","floor":12,"turns":6},{"damage":4,"enemies":"3 Louse","floor":14,"turns":4},{"damage":4,"enemies":"The Guardian","floor":16,"turns":13},{"damage":0,"enemies":"Spheric Guardian","floor":18,"turns":6},{"damage":0,"enemies":"Shell Parasite","floor":19,"turns":6},{"damage":18,"enemies":"Snake Plant","floor":20,"turns":4},{"damage":0,"enemies":"Sentry and Sphere","floor":21,"turns":9},{"damage":12,"enemies":"Cultist and Chosen","floor":22,"turns":9},{"damage":0,"enemies":"Chosen and Byrds","floor":24,"turns":8},{"damage":7,"enemies":"Centurion and Healer","floor":28,"turns":8},{"damage":0,"enemies":"Snake Plant","floor":30,"turns":7},{"damage":5,"enemies":"Chosen and Byrds","floor":31,"turns":8},{"damage":7,"enemies":"Collector","floor":33,"turns":20},{"damage":8,"enemies":"Orb Walker","floor":35,"turns":6},{"damage":10,"enemies":"3 Shapes","floor":36,"turns":7},{"damage":28,"enemies":"Jaw Worm Horde","floor":38,"turns":7},{"damage":1,"enemies":"Transient","floor":41,"turns":5},{"damage":15,"enemies":"Maw","floor":44,"turns":6},{"damage":4,"enemies":"3 Darklings","floor":45,"turns":9},{"damage":48,"enemies":"Time Eater","floor":50,"turns":16},{"damage":86,"enemies":"Shield and Spear","floor":54,"turns":11}],"seed_played":"9114586073903406533","potions_obtained":[{"floor":2,"key":"LiquidBronze"},{"floor":14,"key":"Block Potion"},{"floor":20,"key":"Fire Potion"},{"floor":21,"key":"FocusPotion"},{"floor":28,"key":"LiquidMemories"},{"floor":30,"key":"ColorlessPotion"},{"floor":33,"key":"Swift Potion"},{"floor":35,"key":"Dexterity Potion"}],"is_trial":false,"path_per_floor":["M","M","?","M","?","R","$","R","T","E","$","E","R","M","R","B",null,"M","M","M","M","M","R","M","?","T","R","M","?","M","M","R","B",null,"M","M","$","M","?","R","M","R","T","M","M","T","?","?","R","B",null,"R","$","E"],"character_chosen":"DEFECT","items_purchased":["Defragment","Consume","FocusPotion","Frozen Egg 2","Self Repair+1"],"campfire_rested":1,"item_purchase_floors":[7,11,37,37,37],"current_hp_per_floor":[75,75,57,54,54,54,54,54,54,26,26,17,39,35,35,31,75,75,75,57,57,45,45,45,45,45,45,38,38,38,33,33,26,75,67,57,57,39,39,39,48,48,48,43,49,49,49,49,49,11,75,75,75,0],"gold":0,"neow_bonus":"TRANSFORM_CARD","is_prod":false,"is_daily":false,"chose_seed":false,"campfire_upgraded":9,"win_rate":0,"timestamp":1691316199,"path_taken":["M","M","?","M","?","R","?","R","T","E","$","E","R","M","R","BOSS","M","M","M","M","M","R","M","?","T","R","M","?","M","M","R","BOSS","M","M","$","M","?","R","M","R","T","M","M","?","?","?","R","BOSS","R","$","E"],"build_version":"2022-12-18","purchased_purges":1,"victory":false,"max_hp_per_floor":[75,75,75,75,75,75,75,75,75,75,75,75,75,75,75,75,75,75,75,75,75,75,75,75,75,75,75,75,75,75,75,75,75,75,75,75,75,75,75,75,75,75,75,75,75,75,75,75,75,75,75,75,75,75],"card_choices":[{"not_picked":["Leap","Ball Lightning"],"picked":"Hologram","floor":1},{"not_picked":["Ball Lightning","Conserve Battery"],"picked":"Go for the Eyes","floor":2},{"not_picked":["Barrage","Sweeping Beam"],"picked":"Conserve Battery","floor":4},{"not_picked":["Scrape","Hyperbeam"],"picked":"Cold Snap","floor":10},{"not_picked":["BootSequence","Recycle"],"picked":"Glacier","floor":12},{"not_picked":["Go for the Eyes","Blizzard","Tempest"],"picked":"SKIP","floor":14},{"not_picked":["Fission","Biased Cognition"],"picked":"Machine Learning","floor":16},{"not_picked":["Force Field","Sunder+1"],"picked":"Fusion","floor":18},{"not_picked":["Rip and Tear","Steam"],"picked":"Fusion+1","floor":19},{"not_picked":["Beam Cell","Steam"],"picked":"FTL","floor":20},{"not_picked":["Steam Power","Leap"],"picked":"BootSequence","floor":21},{"not_picked":["Go for the Eyes+1","Beam Cell","Undo"],"picked":"SKIP","floor":22},{"not_picked":["Storm","Turbo"],"picked":"Loop","floor":24},{"not_picked":["Rebound+1","Melter"],"picked":"Lockon+1","floor":28},{"not_picked":["Conserve Battery","Tempest"],"picked":"Consume","floor":30},{"not_picked":["Gash","Cold Snap","Conserve Battery+1"],"picked":"SKIP","floor":31},{"not_picked":["Steam+1","Conserve Battery"],"picked":"Compile Driver+1","floor":35},{"not_picked":["Conserve Battery","Undo","Go for the Eyes"],"picked":"SKIP","floor":36},{"not_picked":["Leap","Coolheaded+1"],"picked":"Stack+1","floor":38},{"not_picked":["Go for the Eyes+1","Lockon+1","Echo Form+1"],"picked":"SKIP","floor":41},{"not_picked":["Beam Cell","Conserve Battery+1"],"picked":"Redo+1","floor":44},{"not_picked":["Force Field","Static Discharge+1","Lockon"],"picked":"SKIP","floor":45}],"player_experience":109670,"relics_obtained":[{"floor":9,"key":"Bottled Lightning"},{"floor":10,"key":"Kunai"},{"floor":12,"key":"Tiny Chest"},{"floor":26,"key":"Turnip"},{"floor":46,"key":"Sundial"}],"event_choices":[{"damage_healed":0,"gold_gain":0,"player_choice":"Take Damage","damage_taken":18,"relics_obtained":["Golden Idol"],"max_hp_gain":0,"max_hp_loss":0,"event_name":"Golden Idol","floor":3,"gold_loss":0},{"cards_removed":["Strike_B"],"damage_healed":0,"gold_gain":0,"player_choice":"Forget","damage_taken":0,"max_hp_gain":0,"max_hp_loss":0,"event_name":"Living Wall","floor":5,"gold_loss":0},{"damage_healed":0,"gold_gain":0,"player_choice":"Simplicity","damage_taken":0,"max_hp_gain":0,"max_hp_loss":0,"event_name":"Back to Basics","floor":25,"gold_loss":0,"cards_upgraded":["Strike_B","Strike_B","Defend_B","Defend_B","Defend_B","Defend_B"]},{"damage_healed":0,"gold_gain":0,"player_choice":"Obtained Relic","damage_taken":0,"relics_obtained":["Mummified Hand"],"max_hp_gain":0,"max_hp_loss":0,"event_name":"Addict","floor":29,"gold_loss":85},{"damage_healed":0,"gold_gain":0,"cards_transformed":["Strike_B"],"player_choice":"Transformed","damage_taken":0,"max_hp_gain":0,"max_hp_loss":0,"event_name":"Transmorgrifier","floor":39,"gold_loss":0,"cards_obtained":["Darkness"]},{"damage_healed":0,"gold_gain":0,"player_choice":"Paid","damage_taken":0,"relics_obtained":["Red Mask"],"max_hp_gain":0,"max_hp_loss":0,"event_name":"Tomb of Lord Red Mask","floor":47,"gold_loss":224},{"cards_removed":["Strike_B"],"damage_healed":0,"gold_gain":0,"player_choice":"Removed Attack","damage_taken":0,"max_hp_gain":0,"max_hp_loss":0,"event_name":"Falling","floor":48,"gold_loss":0}],"is_beta":false,"boss_relics":[{"not_picked":["Velvet Choker","Busted Crown"],"picked":"Cursed Key"},{"not_picked":["Astrolabe","Philosopher\u0027s Stone"],"picked":"SlaversCollar"}],"items_purged_floors":[37],"is_endless":false,"potions_floor_spawned":[2,14,20,21,28,30,33,35,38,45],"killed_by":"Shield and Spear","ascension_level":0}