{"gold_per_floor":[110,127,139,139,149,149,249,264,287,306,306,335,335,350,350,455,455,465,465,480,496,7,7,23,23,23,42,42,42,42,60,60,157,157,173,17,28,54,54,86,86,7,30,30,44,44,44,61,61,61,61,61,23,56,56],"floor_reached":55,"playtime":3888,"items_purged":[],"score":699,"play_id":"a242902e-c4c4-4ab8-a97d-7a4ae432b26e","local_time":"20230805162341","is_ascension_mode":false,"campfire_choices":[{"data":"Zap","floor":6,"key":"SMITH"},{"data":"Sweeping Beam","floor":11,"key":"SMITH"},{"floor":15,"key":"REST"},{"data":"Chaos","floor":23,"key":"SMITH"},{"data":"Machine Learning","floor":25,"key":"SMITH"},{"floor":32,"key":"REST"},{"floor":41,"key":"REST"},{"data":"Glacier","floor":44,"key":"SMITH"},{"floor":46,"key":"RECALL"},{"floor":49,"key":"REST"},{"data":"Creative AI","floor":52,"key":"SMITH"}],"neow_cost":"NONE","seed_source_timestamp":1734284806887200,"circlet_count":0,"master_deck":["Strike_B","Strike_B","Strike_B+1","Defend_B","Defend_B","Defend_B","Defend_B+1","Zap+1","Dualcast","Darkness","Sweeping Beam+1","Cold Snap","Turbo","Blizzard","Beam Cell","Compile Driver","Machine Learning+1","Cold Snap+1","Defend_R","Chaos+1","Capacitor+1","Finesse","Glacier+1","Creative AI+1","Compile Driver","Leap+1","Seek","Storm+1","Chaos+1","Thinking Ahead","Capacitor","Steam+1","Chaos+1","Consume","Hologram"],"relics":["Cracked Core","Nunchaku","Vajra","Nuclear Battery","Letter Opener","Happy Flower","Blood Vial","Regal Pillow","SacredBark","Ancient Tea Set","Potion Belt","Bag of Preparation","TungstenRod"],"potions_floor_usage":[16,16,16,37,37,40,50,55],"damage_taken":[{"damage":1,"enemies":"Cultist","floor":1,"turns":3},{"damage":4,"enemies":"Small Slimes","floor":2,"turns":5},{"damage":3,"enemies":"Jaw Worm","floor":3,"turns":3},{"damage":12,"enemies":"Exordium Thugs","floor":5,"turns":4},{"damage":2,"enemies":"3 Louse","floor":8,"turns":3},{"damage":7,"enemies":"2 Fungi Beasts","floor":10,"turns":3},{"damage":28,"enemies":"Gremlin Nob","floor":12,"turns":4},{"damage":5,"enemies":"Red Slaver","floor":14,"turns":3},{"damage":1,"enemies":"Hexaghost","floor":16,"turns":9},{"damage":13,"enemies":"3 Byrds","floor":18,"turns":5},{"damage":6,"enemies":"Shell Parasite","floor":20,"turns":4},{"damage":15,"enemies":"Snake Plant","floor":21,"turns":4},{"damage":8,"enemies":"Sentry and Sphere","floor":24,"turns":4},{"damage":8,"enemies":"Snecko","floor":27,"turns":5},{"damage":11,"enemies":"Snake Plant","floor":31,"turns":5},{"damage":60,"enemies":"Collector","floor":33,"turns":9},{"damage":8,"enemies":"Orb Walker","floor":35,"turns":3},{"damage":19,"enemies":"3 Darklings","floor":37,"turns":4},{"damage":53,"enemies":"Nemesis","floor":40,"turns":9},{"damage":17,"enemies":"Jaw Worm Horde","floor":45,"turns":4},{"damage":5,"enemies":"Sphere and 2 Shapes","floor":48,"turns":4},{"damage":49,"enemies":"Donu and Deca","floor":50,"turns":7},{"damage":43,"enemies":"Shield and Spear","floor":54,"turns":8},{"damage":46,"enemies":"The Heart","floor":55,"turns":3}],"seed_played":"3503030454825730134","potions_obtained":[{"floor":1,"key":"FocusPotion"},{"floor":3,"key":"ColorlessPotion"},{"floor":12,"key":"Swift Potion"},{"floor":16,"key":"Explosive Potion"},{"floor":27,"key":"Weak Potion"},{"floor":31,"key":"Fire Potion"},{"floor":45,"key":"FocusPotion"},{"floor":54,"key":"Dexterity Potion"}],"is_trial":false,"path_per_floor":["M","M","M","?","M","R","?","M","T","M","R","E","?","M","R","B",null,"M","?","M","M","$","R","M","R","T","M","$","T","?","M","R","B",null,"M","$","M","T","?","E","R","$","T","R","M","R","?","M","R","B",null,"R","$","E","B"],"character_chosen":"DEFECT","items_purchased":["Letter Opener","Happy Flower","Finesse","Ancient Tea Set","Capacitor","Consume"],"campfire_rested":4,"item_purchase_floors":[22,22,22,36,42,53],"current_hp_per_floor":[81,77,74,79,67,67,67,65,65,58,58,30,13,8,34,33,87,74,74,68,53,53,53,45,45,45,39,39,39,39,30,71,13,87,79,79,62,62,62,11,52,52,52,52,37,37,29,26,67,20,87,87,87,44,0],"gold":56,"neow_bonus":"TEN_PERCENT_HP_BONUS","is_prod":false,"is_daily":false,"chose_seed":false,"campfire_upgraded":6,"win_rate":0,"timestamp":1691277821,"path_taken":["M","M","?","?","M","R","?","M","T","?","R","E","?","M","R","BOSS","M","?","M","?","$","R","M","R","T","?","$","?","?","?","R","BOSS","M","$","?","?","?","E","R","?","T","R","?","R","?","M","R","BOSS","R","$","E","BOSS"],"build_version":"2022-12-18","purchased_purges":0,"victory":false,"max_hp_per_floor":[82,82,82,87,87,87,87,87,87,87,87,87,87,87,87,87,87,87,87,87,87,87,87,87,87,87,87,87,87,87,87,87,87,87,87,87,87,87,87,87,87,87,87,87,87,87,87,87,87,87,87,87,87,87,87],"card_choices":[{"not_picked":["Coolheaded","Beam Cell"],"picked":"Darkness","floor":1},{"not_picked":["Compile Driver","Gash"],"picked":"Sweeping Beam","floor":2},{"not_picked":["Static Discharge","Meteor Strike"],"picked":"Cold Snap","floor":3},{"not_picked":["Sunder","Static Discharge"],"picked":"Turbo","floor":5},{"not_picked":["Steam","Streamline"],"picked":"Blizzard","floor":8},{"not_picked":["Turbo","Stack"],"picked":"Beam Cell","floor":10},{"not_picked":["Heatsinks","Tempest"],"picked":"Compile Driver","floor":12},{"not_picked":["All For One","Reinforced Body","Reprogram"],"picked":"SKIP","floor":14},{"not_picked":["Biased Cognition","Fission"],"picked":"Machine Learning","floor":16},{"not_picked":["Doom and Gloom","Sweeping Beam"],"picked":"Cold Snap+1","floor":18},{"not_picked":["Cold Snap","Barrage"],"picked":"Chaos","floor":20},{"not_picked":["Gash","Beam Cell"],"picked":"Capacitor+1","floor":21},{"not_picked":["Tempest","Meteor Strike","Double Energy"],"picked":"SKIP","floor":24},{"not_picked":["Sweeping Beam","Sunder"],"picked":"Glacier","floor":27},{"not_picked":["Beam Cell","Lockon"],"picked":"Leap+1","floor":31},{"not_picked":["Reboot","Creative AI"],"picked":"Seek","floor":33},{"not_picked":["Go for the Eyes","Self Repair"],"picked":"Storm+1","floor":35},{"not_picked":["Sweeping Beam","Aggregate"],"picked":"Chaos+1","floor":37},{"not_picked":["Impatience","Purity"],"picked":"Thinking Ahead","floor":39},{"not_picked":["Reinforced Body+1","Hologram","Rainbow"],"picked":"SKIP","floor":40},{"not_picked":["Doom and Gloom+1","Scrape"],"picked":"Steam+1","floor":45},{"not_picked":["Glacier","Cold Snap+1"],"picked":"Chaos+1","floor":48},{"not_picked":["Darkness+1","White Noise"],"picked":"Hologram","floor":54}],"player_experience":80537,"relics_obtained":[{"floor":9,"key":"Nunchaku"},{"floor":12,"key":"Vajra"},{"floor":26,"key":"Blood Vial"},{"floor":29,"key":"Regal Pillow"},{"floor":40,"key":"Potion Belt"},{"floor":43,"key":"Bag of Preparation"},{"floor":54,"key":"TungstenRod"}],"event_choices":[{"damage_healed":0,"gold_gain":0,"player_choice":"Donut","damage_taken":0,"max_hp_gain":5,"max_hp_loss":0,"event_name":"Big Fish","floor":4,"gold_loss":0},{"damage_healed":0,"gold_gain":100,"player_choice":"Pray","damage_taken":0,"max_hp_gain":0,"max_hp_loss":0,"event_name":"Golden Shrine","floor":7,"gold_loss":0},{"damage_healed":0,"gold_gain":0,"player_choice":"Entered Light","damage_taken":17,"max_hp_gain":0,"max_hp_loss":0,"event_name":"Shining Light","floor":13,"gold_loss":0,"cards_upgraded":["Strike_B","Defend_B"]},{"cards_removed":["Strike_B"],"damage_healed":0,"gold_gain":0,"player_choice":"Took Card","damage_taken":0,"max_hp_gain":0,"max_hp_loss":0,"event_name":"NoteForYourself","floor":19,"gold_loss":0,"cards_obtained":["Defend_R"]},{"damage_healed":0,"gold_gain":0,"player_choice":"2 cards matched","damage_taken":0,"max_hp_gain":0,"max_hp_loss":0,"event_name":"Match and Keep!","floor":30,"gold_loss":0,"cards_obtained":["Creative AI","Compile Driver"]},{"damage_healed":0,"gold_gain":0,"player_choice":"Memory 1","damage_taken":0,"max_hp_gain":0,"max_hp_loss":0,"event_name":"SensoryStone","floor":39,"gold_loss":0},{"damage_healed":0,"gold_gain":0,"player_choice":"Damaged","damage_taken":8,"max_hp_gain":0,"max_hp_loss":0,"event_name":"Wheel of Change","floor":47,"gold_loss":0}],"is_beta":false,"boss_relics":[{"not_picked":["Velvet Choker","Coffee Dripper"],"picked":"Nuclear Battery"},{"not_picked":["Runic Pyramid","FrozenCore"],"picked":"SacredBark"}],"items_purged_floors":[],"is_endless":false,"potions_floor_spawned":[1,3,12,16,27,31,33,35,45,54],"killed_by":"The Heart","ascension_level":0}