{"gold_per_floor":[114,69,83,100,117,117,42,42,68,68,82,82,108,125,125,228,228,241,340,351,351,369,386,386,386,386,90,109,109,136,156,156,259,309,319,319,319,337,357,357,373,171,171,32,32,32,47,47,47,47],"floor_reached":51,"playtime":3088,"items_purged":["Defend_B","Strike_B","Strike_B"],"score":644,"play_id":"a48d668b-8bc3-475f-8cc6-265d45aeda97","local_time":"20230811205817","is_ascension_mode":false,"campfire_choices":[{"data":"Apotheosis","floor":6.0,"key":"SMITH"},{"data":"Genetic Algorithm","floor":8.0,"key":"SMITH"},{"data":"Zap","floor":10.0,"key":"SMITH"},{"data":"Consume","floor":12.0,"key":"SMITH"},{"data":"Coolheaded","floor":15.0,"key":"SMITH"},{"data":"Zap","floor":24.0,"key":"SMITH"},{"data":"Machine Learning","floor":32.0,"key":"SMITH"},{"data":"White Noise","floor":40,"key":"SMITH"},{"data":"Defragment","floor":46,"key":"SMITH"},{"data":"Defragment","floor":49,"key":"SMITH"}],"neow_cost":"TEN_PERCENT_HP_LOSS","seed_source_timestamp":240158782319100,"circlet_count":0,"master_deck":["Strike_B+1","Strike_B","Defend_B+1","Defend_B","Defend_B","Zap+1","Dualcast","Apotheosis+1","Leap+1","Leap","Leap","Genetic Algorithm+1","Consume+1","Coolheaded+1","Electrodynamics","Consume+1","Zap+1","White Noise+1","Machine Learning+1","Coolheaded+1","Reboot","Lockon","Self Repair+1","Master of Strategy","Storm+1","Ball Lightning+1","Defragment+1","Defragment+1"],"special_seed":0,"relics":["Cracked Core","War Paint","Toy Ornithopter","Philosopher\u0027s Stone","Darkstone Periapt","Ancient Tea Set","Lantern","Tiny House","Bag of Preparation"],"potions_floor_usage":[38,41,50],"damage_taken":[{"damage":2.0,"enemies":"Small Slimes","floor":1.0,"turns":3.0},{"damage":7.0,"enemies":"2 Louse","floor":3.0,"turns":2.0},{"damage":0.0,"enemies":"Cultist","floor":4.0,"turns":4.0},{"damage":4.0,"enemies":"Large Slime","floor":5.0,"turns":5.0},{"damage":0.0,"enemies":"Blue Slaver","floor":11.0,"turns":3.0},{"damage":4.0,"enemies":"Lagavulin","floor":13.0,"turns":8.0},{"damage":6.0,"enemies":"3 Louse","floor":14.0,"turns":4.0},{"damage":25.0,"enemies":"Slime Boss","floor":16.0,"turns":12.0},{"damage":0.0,"enemies":"Shell Parasite","floor":18.0,"turns":5.0},{"damage":0.0,"enemies":"Spheric Guardian","floor":20.0,"turns":4.0},{"damage":5.0,"enemies":"Snecko","floor":22.0,"turns":5.0},{"damage":32.0,"enemies":"Cultist and Chosen","floor":23.0,"turns":5.0},{"damage":0.0,"enemies":"Snake Plant","floor":28.0,"turns":4.0},{"damage":21.0,"enemies":"Book of Stabbing","floor":30.0,"turns":5.0},{"damage":4.0,"enemies":"Centurion and Healer","floor":31.0,"turns":4.0},{"damage":10.0,"enemies":"Automaton","floor":33.0,"turns":12.0},{"damage":5,"enemies":"3 Darklings","floor":35,"turns":3},{"damage":16,"enemies":"Orb Walker","floor":38,"turns":4},{"damage":0,"enemies":"3 Darklings","floor":39,"turns":3},{"damage":0,"enemies":"Maw","floor":41,"turns":8},{"damage":7,"enemies":"Sphere and 2 Shapes","floor":47,"turns":4},{"damage":26,"enemies":"Awakened One","floor":50,"turns":10}],"seed_played":"1490208299430074769","potions_obtained":[{"floor":3.0,"key":"Strength Potion"},{"floor":4.0,"key":"Weak Potion"},{"floor":11.0,"key":"FairyPotion"},{"floor":14.0,"key":"EssenceOfSteel"},{"floor":16.0,"key":"Explosive Potion"},{"floor":18.0,"key":"Regen Potion"},{"floor":30.0,"key":"Swift Potion"},{"floor":33.0,"key":"AttackPotion"},{"floor":35,"key":"Energy Potion"},{"floor":38,"key":"Swift Potion"}],"is_trial":false,"path_per_floor":["M","$","M","M","M","R","$","R","T","R","M","R","E","M","R","B",null,"M","?","M","?","M","M","R","?","T","$","M","$","E","M","R","B",null,"M","?","?","M","M","R","M","$","T","$","?","R","M","$","R","B",null],"character_chosen":"DEFECT","items_purchased":["Leap","White Noise","Ancient Tea Set","Defragment","Defragment","EntropicBrew"],"campfire_rested":0,"item_purchase_floors":[2,27,27,42,44,44],"current_hp_per_floor":[66,66,59,59,55,55,55,55,55,55,55,55,51,45,45,25,68,68,68,68,68,63,31,31,31,31,31,31,31,29,25,25,20,73,68,68,68,73,73,73,73,73,73,73,69,69,69,69,69,53],"gold":47,"neow_bonus":"RANDOM_COLORLESS_2","is_prod":false,"is_daily":false,"chose_seed":false,"campfire_upgraded":10,"win_rate":0,"timestamp":1691812697,"path_taken":["M","$","M","M","M","R","$","R","T","R","M","R","E","M","R","BOSS","M","?","M","?","?","M","R","?","T","$","M","$","E","M","R","BOSS","M","?","?","M","M","R","M","$","T","$","?","R","M","?","R","BOSS"],"build_version":"2022-12-18","purchased_purges":3,"victory":true,"max_hp_per_floor":[68,68,68,68,68,68,68,68,68,68,68,68,68,68,68,68,68,68,68,68,68,68,68,68,68,68,68,68,68,68,68,68,68,73,73,73,73,73,73,73,73,73,73,73,69,69,69,69,69,69],"card_choices":[{"not_picked":["Sadistic Nature","Mayhem"],"picked":"Apotheosis","floor":0.0},{"not_picked":["Sunder","Blizzard","Redo"],"picked":"SKIP","floor":1.0},{"not_picked":["Barrage","Sweeping Beam"],"picked":"Leap","floor":3.0},{"not_picked":["Beam Cell","Lockon"],"picked":"Leap","floor":4.0},{"not_picked":["Rip and Tear","Storm"],"picked":"Genetic Algorithm","floor":5.0},{"not_picked":["Hyperbeam","Cold Snap"],"picked":"Consume","floor":11.0},{"not_picked":["Doom and Gloom","Hologram","Beam Cell"],"picked":"SKIP","floor":13.0},{"not_picked":["Leap","Reinforced Body"],"picked":"Coolheaded","floor":14.0},{"not_picked":["Buffer","Echo Form"],"picked":"Electrodynamics","floor":16.0},{"not_picked":["Force Field","Redo"],"picked":"Go for the Eyes","floor":18.0},{"not_picked":["Steam","Go for the Eyes"],"picked":"Consume+1","floor":20.0},{"not_picked":["Doom and Gloom+1","Stack","Gash+1"],"picked":"SKIP","floor":22.0},{"not_picked":["Gash","Coolheaded","Hologram"],"picked":"SKIP","floor":23.0},{"not_picked":["Melter","Compile Driver"],"picked":"Machine Learning","floor":28.0},{"not_picked":["Sweeping Beam","Consume","Gash"],"picked":"SKIP","floor":30.0},{"not_picked":["Heatsinks+1","Turbo+1"],"picked":"Coolheaded+1","floor":31.0},{"not_picked":["All For One","Core Surge"],"picked":"Reboot","floor":33.0},{"not_picked":["Streamline","Turbo+1"],"picked":"Lockon","floor":34},{"not_picked":["Steam+1","Stack+1"],"picked":"Self Repair+1","floor":35},{"not_picked":["Impatience","Discovery"],"picked":"Master of Strategy","floor":36},{"not_picked":["Streamline","Stack+1"],"picked":"Storm+1","floor":38},{"not_picked":["Barrage+1","Redo+1","Conserve Battery+1"],"picked":"SKIP","floor":39},{"not_picked":["Buffer","Rebound+1"],"picked":"Ball Lightning+1","floor":41},{"not_picked":["Redo+1","Rebound+1","Chaos+1"],"picked":"SKIP","floor":47}],"player_experience":197985,"relics_obtained":[{"floor":9.0,"key":"War Paint"},{"floor":13.0,"key":"Toy Ornithopter"},{"floor":26.0,"key":"Darkstone Periapt"},{"floor":30.0,"key":"Lantern"},{"floor":43,"key":"Bag of Preparation"}],"event_choices":[{"damage_healed":0.0,"max_hp_gain":0.0,"max_hp_loss":0.0,"gold_gain":99.0,"event_name":"Nest","player_choice":"Stole From Cult","floor":19.0,"gold_loss":0.0,"damage_taken":0.0},{"damage_healed":0.0,"max_hp_gain":0.0,"max_hp_loss":0.0,"gold_gain":0.0,"event_name":"Match and Keep!","player_choice":"1 cards matched","floor":21.0,"gold_loss":0.0,"damage_taken":0.0,"cards_obtained":["Zap"]},{"damage_healed":0.0,"max_hp_gain":0.0,"max_hp_loss":0.0,"gold_gain":0.0,"event_name":"Ghosts","player_choice":"Ignored","floor":25.0,"gold_loss":0.0,"damage_taken":0.0},{"damage_healed":0,"gold_gain":0,"player_choice":"Memory 1","damage_taken":0,"max_hp_gain":0,"max_hp_loss":0,"event_name":"SensoryStone","floor":36,"gold_loss":0},{"cards_removed":["Go for the Eyes"],"damage_healed":0,"gold_gain":0,"player_choice":"Removed Attack","damage_taken":0,"max_hp_gain":0,"max_hp_loss":0,"event_name":"Falling","floor":37,"gold_loss":0},{"damage_healed":0,"gold_gain":0,"player_choice":"Max HP","damage_taken":0,"max_hp_gain":0,"max_hp_loss":4,"event_name":"Winding Halls","floor":45,"gold_loss":0}],"is_beta":false,"boss_relics":[{"not_picked":["Black Star","Calling Bell"],"picked":"Philosopher\u0027s Stone"},{"not_picked":["Fusion Hammer","Cursed Key"],"picked":"Tiny House"}],"items_purged_floors":[7,27,42],"is_endless":false,"potions_floor_spawned":[3,4,11,14,16,18,22,30,33,35,38,47],"ascension_level":0}