{"gold_per_floor":[119,129,129,129,16,16,32,32,32,32,45,61,61,61,61,182,182,198,217,47,66,91,127,127,147,202,202,127,145,145,169,169,289,289,304,304],"floor_reached":36,"playtime":2972,"items_purged":[],"score":401,"play_id":"0714ff5b-c365-48e4-a7d9-e41b9f66694a","local_time":"20230805011025","is_ascension_mode":false,"campfire_choices":[{"data":"Loop","floor":6,"key":"SMITH"},{"data":"Consume","floor":8,"key":"SMITH"},{"data":"Conserve Battery","floor":10,"key":"SMITH"},{"data":"Chaos","floor":13,"key":"SMITH"},{"data":"Zap","floor":15,"key":"SMITH"},{"data":"Defragment","floor":24,"key":"SMITH"},{"floor":27,"key":"REST"},{"floor":30,"key":"REST"},{"floor":32,"key":"REST"}],"neow_cost":"NONE","seed_source_timestamp":1680413403105500,"circlet_count":0,"master_deck":["Strike_B","Strike_B","Strike_B","Defend_B","Defend_B","Defend_B","Defend_B","Zap+1","Dualcast","Conserve Battery+1","Coolheaded","Loop+1","FTL","Consume+1","Cold Snap+1","Chaos+1","Machine Learning","Loop","Defragment+1","Go for the Eyes+1","Beam Cell+1","Loop","Beam Cell+1","Hologram+1","Tempest","Electrodynamics"],"relics":["Cracked Core","Boot","Golden Idol","Molten Egg 2","Runic Pyramid","PreservedInsect","MealTicket","Toy Ornithopter","SlaversCollar"],"potions_floor_usage":[16,23,23,33,36],"damage_taken":[{"damage":2,"enemies":"2 Louse","floor":1,"turns":2},{"damage":1,"enemies":"Jaw Worm","floor":2,"turns":4},{"damage":0,"enemies":"Cultist","floor":7,"turns":4},{"damage":17,"enemies":"Lots of Slimes","floor":11,"turns":4},{"damage":11,"enemies":"3 Louse","floor":12,"turns":4},{"damage":4,"enemies":"Hexaghost","floor":16,"turns":8},{"damage":0,"enemies":"Shell Parasite","floor":18,"turns":5},{"damage":0,"enemies":"Chosen","floor":19,"turns":7},{"damage":21,"enemies":"3 Cultists","floor":21,"turns":6},{"damage":7,"enemies":"Centurion and Healer","floor":22,"turns":9},{"damage":11,"enemies":"Book of Stabbing","floor":23,"turns":5},{"damage":23,"enemies":"Snake Plant","floor":25,"turns":5},{"damage":9,"enemies":"Snecko","floor":29,"turns":6},{"damage":37,"enemies":"3 Cultists","floor":31,"turns":6},{"damage":27,"enemies":"Champ","floor":33,"turns":11},{"damage":10,"enemies":"Orb Walker","floor":35,"turns":4},{"damage":86,"enemies":"2 Orb Walkers","floor":36,"turns":4}],"seed_played":"-5454900173258597224","potions_obtained":[{"floor":1,"key":"Strength Potion"},{"floor":7,"key":"Block Potion"},{"floor":12,"key":"PowerPotion"},{"floor":16,"key":"DuplicationPotion"},{"floor":18,"key":"Energy Potion"},{"floor":19,"key":"BlessingOfTheForge"},{"floor":29,"key":"SkillPotion"},{"floor":33,"key":"Fire Potion"}],"is_trial":false,"path_per_floor":["M","M","?","?","$","R","M","R","T","R","M","M","R","?","R","B",null,"M","M","$","M","M","E","R","M","T","R","?","M","R","M","R","B",null,"M","?"],"character_chosen":"DEFECT","items_purchased":["Loop","FTL","Go for the Eyes+1","PreservedInsect"],"campfire_rested":3,"item_purchase_floors":[5,5,20,20],"current_hp_per_floor":[80,79,72,72,72,72,72,72,72,72,55,44,44,44,44,40,76,76,76,76,55,48,37,37,14,14,36,36,27,49,12,34,12,76,66,0],"gold":304,"neow_bonus":"TEN_PERCENT_HP_BONUS","is_prod":false,"is_daily":false,"chose_seed":false,"campfire_upgraded":6,"win_rate":0.0,"timestamp":1691223025,"path_taken":["M","M","?","?","?","R","M","R","T","R","M","?","R","?","R","BOSS","M","M","?","?","M","E","R","?","T","R","?","M","R","M","R","BOSS","M","?"],"build_version":"2022-12-18","purchased_purges":0,"victory":false,"max_hp_per_floor":[82,82,82,76,76,76,76,76,76,76,76,76,76,76,76,76,76,76,76,76,76,76,76,76,76,76,76,76,76,76,76,76,76,76,76,76],"card_choices":[{"not_picked":["Storm","Gash"],"picked":"Conserve Battery","floor":1},{"not_picked":["Conserve Battery","Stack"],"picked":"Coolheaded","floor":2},{"not_picked":["Chaos","Fission"],"picked":"Consume","floor":7},{"not_picked":["Blizzard+1","Steam Power"],"picked":"Cold Snap+1","floor":11},{"not_picked":["Steam","Ball Lightning+1"],"picked":"Chaos","floor":12},{"not_picked":["Biased Cognition","Reboot"],"picked":"Machine Learning","floor":16},{"not_picked":["Hologram","Stack"],"picked":"Loop","floor":18},{"not_picked":["Gash+1","Hologram"],"picked":"Defragment","floor":19},{"not_picked":["Coolheaded","Gash+1"],"picked":"Beam Cell+1","floor":21},{"not_picked":["Doom and Gloom+1","Barrage+1"],"picked":"Loop","floor":22},{"not_picked":["Auto Shields","Coolheaded"],"picked":"Beam Cell+1","floor":23},{"not_picked":["Streamline+1","Redo"],"picked":"Hologram+1","floor":25},{"not_picked":["Reprogram","Barrage+1","Compile Driver+1"],"picked":"SKIP","floor":29},{"not_picked":["Beam Cell+1","Multi-Cast"],"picked":"Tempest","floor":31},{"not_picked":["Multi-Cast","Reboot"],"picked":"Electrodynamics","floor":33},{"not_picked":["Reinforced Body+1","Compile Driver+1","Consume"],"picked":"SKIP","floor":35}],"player_experience":68435,"relics_obtained":[{"floor":9,"key":"Molten Egg 2"},{"floor":23,"key":"MealTicket"},{"floor":26,"key":"Toy Ornithopter"}],"event_choices":[{"damage_healed":0,"gold_gain":0,"player_choice":"Success","damage_taken":7,"relics_obtained":["Boot"],"max_hp_gain":0,"max_hp_loss":0,"event_name":"Scrap Ooze","floor":3,"gold_loss":0},{"damage_healed":0,"gold_gain":0,"player_choice":"Lose Max HP","damage_taken":0,"relics_obtained":["Golden Idol"],"max_hp_gain":0,"max_hp_loss":6,"event_name":"Golden Idol","floor":4,"gold_loss":0},{"damage_healed":0,"gold_gain":0,"player_choice":"Ignored","damage_taken":0,"max_hp_gain":0,"max_hp_loss":0,"event_name":"NoteForYourself","floor":14,"gold_loss":0},{"cards_removed":["Strike_B"],"damage_healed":0,"gold_gain":0,"player_choice":"Gave Gold","damage_taken":0,"max_hp_gain":0,"max_hp_loss":0,"event_name":"Beggar","floor":28,"gold_loss":75},{"damage_healed":0,"gold_gain":0,"player_choice":"Fight","damage_taken":0,"max_hp_gain":0,"max_hp_loss":0,"event_name":"Mysterious Sphere","floor":36,"gold_loss":0}],"is_beta":false,"boss_relics":[{"not_picked":["Coffee Dripper","Sozu"],"picked":"Runic Pyramid"},{"not_picked":["Fusion Hammer","Calling Bell"],"picked":"SlaversCollar"}],"items_purged_floors":[],"is_endless":false,"potions_floor_spawned":[1,7,12,16,18,19,29,33],"killed_by":"2 Orb Walkers","ascension_level":0}