{"gold_per_floor":[113,63,63,75,87,87,99,126,153,172,172,97,108,183,183,279,279,295,311,311,329,344,344,362,362],"floor_reached":25,"playtime":1649,"items_purged":["Strike_B"],"score":227,"play_id":"fd1db7d0-dd40-4861-a5c3-b40aa65bce69","local_time":"20230815151858","is_ascension_mode":true,"campfire_choices":[{"data":"Zap","floor":6,"key":"SMITH"},{"data":"White Noise","floor":11,"key":"SMITH"},{"data":"Go for the Eyes","floor":15,"key":"SMITH"},{"floor":23,"key":"REST"}],"neow_cost":"NONE","seed_source_timestamp":567520946291400,"circlet_count":0,"master_deck":["Strike_B+1","Strike_B+1","Defend_B+1","Defend_B+1","Defend_B+1","Defend_B+1","Zap+1","Dualcast","Core Surge","Leap","White Noise+1","Go for the Eyes+1","Leap","Leap","Echo Form","Coolheaded+1","Chaos+1"],"relics":["Cracked Core","Odd Mushroom","MealTicket","Nuclear Battery"],"potions_floor_usage":[8,8,22,25,25],"damage_taken":[{"damage":0,"enemies":"Cultist","floor":1,"turns":3},{"damage":0,"enemies":"Small Slimes","floor":4,"turns":3},{"damage":0,"enemies":"Jaw Worm","floor":5,"turns":3},{"damage":3,"enemies":"Blue Slaver","floor":7,"turns":3},{"damage":0,"enemies":"The Mushroom Lair","floor":8,"turns":1},{"damage":9,"enemies":"Large Slime","floor":10,"turns":4},{"damage":0,"enemies":"3 Louse","floor":13,"turns":4},{"damage":27,"enemies":"The Guardian","floor":16,"turns":8},{"damage":3,"enemies":"Chosen","floor":18,"turns":5},{"damage":12,"enemies":"3 Byrds","floor":19,"turns":6},{"damage":4,"enemies":"Shelled Parasite and Fungi","floor":21,"turns":6},{"damage":30,"enemies":"3 Cultists","floor":22,"turns":8},{"damage":12,"enemies":"Centurion and Healer","floor":24,"turns":9},{"damage":53,"enemies":"Gremlin Leader","floor":25,"turns":8}],"seed_played":"6213436301021240196","potions_obtained":[{"floor":4,"key":"Explosive Potion"},{"floor":7,"key":"Explosive Potion"},{"floor":10,"key":"Strength Potion"},{"floor":16,"key":"LiquidMemories"},{"floor":22,"key":"Explosive Potion"},{"floor":24,"key":"SpeedPotion"}],"is_trial":false,"path_per_floor":["M","?","?","M","M","R","M","?","T","M","R","$","M","?","R","B",null,"M","M","?","M","M","R","M","E"],"character_chosen":"DEFECT","items_purchased":[],"campfire_rested":1,"item_purchase_floors":[],"current_hp_per_floor":[75,75,80,80,80,80,77,77,77,68,68,80,80,69,69,42,80,77,65,65,61,31,55,43,0],"gold":362,"neow_bonus":"ONE_RANDOM_RARE_CARD","is_prod":false,"is_daily":false,"chose_seed":false,"campfire_upgraded":3,"win_rate":0,"timestamp":1692137938,"path_taken":["M","?","?","?","M","R","M","?","T","M","R","$","M","?","R","BOSS","M","M","?","M","M","R","M","E"],"build_version":"2022-12-18","purchased_purges":1,"victory":false,"max_hp_per_floor":[75,75,80,80,80,80,80,80,80,80,80,80,80,80,80,80,80,80,80,80,80,80,80,80,80],"card_choices":[{"not_picked":["Beam Cell","Conserve Battery"],"picked":"Leap","floor":1},{"not_picked":["Steam","Gash"],"picked":"White Noise","floor":4},{"not_picked":["Conserve Battery","Undo","Reprogram"],"picked":"SKIP","floor":5},{"not_picked":["Sunder","Stack"],"picked":"Go for the Eyes","floor":7},{"not_picked":["Double Energy","Sunder"],"picked":"Leap","floor":8},{"not_picked":["Compile Driver","Leap","Storm"],"picked":"SKIP","floor":10},{"not_picked":["Beam Cell","Go for the Eyes"],"picked":"Leap","floor":13},{"not_picked":["Reboot","Thunder Strike"],"picked":"Echo Form","floor":16},{"not_picked":["Self Repair","Conserve Battery"],"picked":"Coolheaded+1","floor":18},{"not_picked":["Rebound","Leap","Gash+1"],"picked":"SKIP","floor":19},{"not_picked":["Undo","Force Field","Steam"],"picked":"SKIP","floor":21},{"not_picked":["Conserve Battery","Aggregate+1"],"picked":"Chaos+1","floor":22},{"not_picked":["Compile Driver+1","Conserve Battery","Streamline+1"],"picked":"SKIP","floor":24}],"player_experience":255768,"relics_obtained":[{"floor":8,"key":"Odd Mushroom"},{"floor":9,"key":"MealTicket"}],"event_choices":[{"cards_removed":["Strike_B"],"damage_healed":0,"gold_gain":0,"player_choice":"Card Removal","damage_taken":0,"max_hp_gain":0,"max_hp_loss":0,"event_name":"The Cleric","floor":2,"gold_loss":50},{"damage_healed":0,"gold_gain":0,"player_choice":"Donut","damage_taken":0,"max_hp_gain":5,"max_hp_loss":0,"event_name":"Big Fish","floor":3,"gold_loss":0},{"damage_healed":0,"gold_gain":0,"player_choice":"Fought Mushrooms","damage_taken":0,"max_hp_gain":0,"max_hp_loss":0,"event_name":"Mushrooms","floor":8,"gold_loss":0},{"damage_healed":0,"gold_gain":75,"player_choice":"Gather Gold","damage_taken":11,"max_hp_gain":0,"max_hp_loss":0,"event_name":"World of Goop","floor":14,"gold_loss":0},{"damage_healed":0,"gold_gain":0,"player_choice":"Simplicity","damage_taken":0,"max_hp_gain":0,"max_hp_loss":0,"event_name":"Back to Basics","floor":20,"gold_loss":0,"cards_upgraded":["Strike_B","Strike_B","Defend_B","Defend_B","Defend_B","Defend_B"]}],"is_beta":false,"boss_relics":[{"not_picked":["Coffee Dripper","Fusion Hammer"],"picked":"Nuclear Battery"}],"items_purged_floors":[12],"is_endless":false,"potions_floor_spawned":[4,7,10,16,22,24],"killed_by":"Gremlin Leader","ascension_level":3}