{"gold_per_floor":[123,135,164,176,188,200,242,254,292,320,351,363,390,417,429,545,557,581,611,623,734,671,711,723,735,747,16,48,48,78,28,28,132,132,151,101,101,101,121,121,137,137,164,178,178,74,0,14,14,14],"floor_reached":51,"playtime":2309,"items_purged":["Doubt","Shame","Strike_B+1","Parasite"],"score":1345,"play_id":"20ab02f6-322a-4e92-af05-fdb05ad9cfe4","local_time":"20230824201512","is_ascension_mode":true,"campfire_choices":[{"data":"Go for the Eyes","floor":6.0,"key":"SMITH"},{"data":"Dualcast","floor":8.0,"key":"SMITH"},{"data":"Seek","floor":12.0,"key":"SMITH"},{"floor":15.0,"key":"REST"},{"floor":24,"key":"REST"},{"data":"Capacitor","floor":32,"key":"SMITH"},{"data":"Bandage Up","floor":40,"key":"SMITH"},{"data":"Leap","floor":42,"key":"SMITH"},{"data":"Electrodynamics","floor":45,"key":"SMITH"},{"data":"Coolheaded","floor":49,"key":"SMITH"}],"neow_cost":"NONE","seed_source_timestamp":0,"circlet_count":0,"master_deck":["Defend_B","Defend_B","Defend_B","Zap+1","Dualcast+1","Go for the Eyes+1","Capacitor+1","Leap+1","Seek+1","Coolheaded+1","Ball Lightning","Electrodynamics+1","Steam+1","Coolheaded+1","Bandage Up+1","Leap+1","Go for the Eyes+1","Clumsy","Leap+1","Redo+1","FTL"],"special_seed":0,"relics":["Cracked Core","MawBank","Singing Bowl","Whetstone","Cursed Key","Happy Flower","Dead Branch","Pantograph","Toxic Egg 2","Smiling Mask","HornCleat","Symbiotic Virus","Empty Cage","PreservedInsect","Red Mask"],"potions_floor_usage":[28,33,33,50,50,50],"damage_taken":[{"damage":0.0,"enemies":"2 Louse","floor":1.0,"turns":2.0},{"damage":0.0,"enemies":"Cultist","floor":3.0,"turns":3.0},{"damage":45.0,"enemies":"3 Sentries","floor":7.0,"turns":8.0},{"damage":0.0,"enemies":"Small Slimes","floor":10.0,"turns":3.0},{"damage":0.0,"enemies":"Blue Slaver","floor":11.0,"turns":3.0},{"damage":4.0,"enemies":"Large Slime","floor":13.0,"turns":5.0},{"damage":2.0,"enemies":"Looter","floor":14.0,"turns":2.0},{"damage":4.0,"enemies":"The Guardian","floor":16.0,"turns":13.0},{"damage":12.0,"enemies":"2 Thieves","floor":18.0,"turns":3.0},{"damage":14.0,"enemies":"3 Byrds","floor":19.0,"turns":3.0},{"damage":49,"enemies":"Book of Stabbing","floor":23,"turns":7},{"damage":15,"enemies":"Slavers","floor":28,"turns":2},{"damage":0,"enemies":"Gremlin Leader","floor":30,"turns":6},{"damage":39,"enemies":"Champ","floor":33,"turns":13},{"damage":3,"enemies":"Orb Walker","floor":35,"turns":4},{"damage":0,"enemies":"3 Darklings","floor":39,"turns":4},{"damage":15,"enemies":"Writhing Mass","floor":41,"turns":9},{"damage":0,"enemies":"4 Shapes","floor":44,"turns":3},{"damage":0,"enemies":"3 Darklings","floor":48,"turns":5},{"damage":71,"enemies":"Awakened One","floor":50,"turns":22}],"seed_played":"4687463797899320905","potions_obtained":[{"floor":7.0,"key":"LiquidBronze"},{"floor":10.0,"key":"Dexterity Potion"},{"floor":16.0,"key":"Fruit Juice"},{"floor":18.0,"key":"DuplicationPotion"},{"floor":30,"key":"Strength Potion"},{"floor":39,"key":"Explosive Potion"},{"floor":44,"key":"SkillPotion"}],"is_trial":false,"path_per_floor":["M","$","M","?","$","R","E","R","T","M","M","R","M","M","R","B",null,"M","M","?","?","?","E","R","?","T","$","E","T","E","$","R","B",null,"M","$","?","?","M","R","M","R","T","M","R","$","?","M","R","B",null],"character_chosen":"DEFECT","items_purchased":["Bandage Up","Pantograph","Toxic Egg 2","PowerPotion","Redo+1"],"campfire_rested":2,"item_purchase_floors":[27,27,27,27,46],"current_hp_per_floor":[68,68,68,68,68,68,23,23,23,23,25,25,21,19,42,38,72,60,48,76,76,76,27,52,52,52,52,41,41,47,47,47,39,76,77,77,77,77,83,83,76,76,76,82,82,82,82,88,88,24],"gold":14,"neow_bonus":"RANDOM_COMMON_RELIC","is_prod":false,"is_daily":false,"chose_seed":false,"campfire_upgraded":8,"win_rate":0,"timestamp":1692933312,"path_taken":["M","$","M","?","?","R","E","R","T","M","M","R","M","M","R","BOSS","M","M","?","?","?","E","R","?","T","?","E","?","E","$","R","BOSS","M","?","?","?","M","R","M","R","T","M","R","$","?","M","R","BOSS"],"build_version":"2022-12-18","purchased_purges":4,"victory":true,"max_hp_per_floor":[75,75,75,75,75,75,75,75,75,75,77,77,77,77,77,77,82,82,84,84,84,84,84,84,84,84,84,84,84,86,86,86,88,88,88,88,88,88,90,90,92,92,92,92,92,89,89,89,89,89],"card_choices":[{"not_picked":["Redo","Rebound"],"picked":"Go for the Eyes","floor":1.0},{"not_picked":["Leap","Darkness"],"picked":"Capacitor","floor":3.0},{"not_picked":["Go for the Eyes","Force Field"],"picked":"Leap","floor":7.0},{"not_picked":["Fusion","Turbo"],"picked":"Seek","floor":10.0},{"not_picked":["Storm","Hologram","Beam Cell"],"picked":"Singing Bowl","floor":11.0},{"not_picked":["Gash","Steam"],"picked":"Coolheaded","floor":13.0},{"not_picked":["Gash","Reboot"],"picked":"Ball Lightning","floor":14.0},{"not_picked":["Thunder Strike","Rainbow"],"picked":"Electrodynamics","floor":16.0},{"not_picked":["Fusion","Conserve Battery"],"picked":"Steam+1","floor":18.0},{"not_picked":["Barrage","Sweeping Beam","Compile Driver"],"picked":"Singing Bowl","floor":19.0},{"not_picked":["Steam Power","Ball Lightning"],"picked":"Coolheaded+1","floor":23},{"not_picked":["Meteor Strike","Steam+1"],"picked":"Leap+1","floor":28},{"not_picked":["Steam Power+1","Storm","Force Field+1"],"picked":"Singing Bowl","floor":30},{"not_picked":["Fission+1","Electrodynamics","Hyperbeam"],"picked":"Singing Bowl","floor":33},{"not_picked":["Streamline+1","Gash+1"],"picked":"Go for the Eyes+1","floor":35},{"not_picked":["Melter","Doom and Gloom+1","Compile Driver+1"],"picked":"Singing Bowl","floor":39},{"not_picked":["Conserve Battery+1","Barrage+1","Rebound"],"picked":"Singing Bowl","floor":41},{"not_picked":["Cold Snap","Sweeping Beam"],"picked":"Leap+1","floor":44},{"not_picked":["Reprogram+1","Compile Driver"],"picked":"FTL","floor":48}],"player_experience":364136,"relics_obtained":[{"floor":7.0,"key":"Singing Bowl"},{"floor":9.0,"key":"Whetstone"},{"floor":23,"key":"Happy Flower"},{"floor":26,"key":"Dead Branch"},{"floor":28,"key":"Smiling Mask"},{"floor":29,"key":"HornCleat"},{"floor":30,"key":"Symbiotic Virus"},{"floor":43,"key":"PreservedInsect"}],"event_choices":[{"damage_healed":0.0,"max_hp_gain":0.0,"max_hp_loss":0.0,"gold_gain":0.0,"event_name":"Upgrade Shrine","player_choice":"Upgraded","floor":4.0,"gold_loss":0.0,"damage_taken":0.0,"cards_upgraded":["Zap"]},{"damage_healed":28,"gold_gain":0,"player_choice":"Heal","damage_taken":0,"max_hp_gain":0,"max_hp_loss":0,"event_name":"The Library","floor":20,"gold_loss":0},{"damage_healed":0,"gold_gain":99,"player_choice":"Stole From Cult","damage_taken":0,"max_hp_gain":0,"max_hp_loss":0,"event_name":"Nest","floor":21,"gold_loss":0},{"cards_removed":["Strike_B"],"damage_healed":0,"gold_gain":0,"player_choice":"Gave Gold","damage_taken":0,"max_hp_gain":0,"max_hp_loss":0,"event_name":"Beggar","floor":22,"gold_loss":75},{"damage_healed":0,"gold_gain":0,"player_choice":"Ignored","damage_taken":0,"max_hp_gain":0,"max_hp_loss":0,"event_name":"Vampires","floor":25,"gold_loss":0},{"damage_healed":0,"gold_gain":0,"player_choice":"Ignored","damage_taken":0,"max_hp_gain":0,"max_hp_loss":0,"event_name":"Mysterious Sphere","floor":37,"gold_loss":0},{"cards_removed":["Strike_B"],"damage_healed":0,"gold_gain":0,"player_choice":"Removed Attack","damage_taken":0,"max_hp_gain":0,"max_hp_loss":0,"event_name":"Falling","floor":38,"gold_loss":0},{"damage_healed":0,"gold_gain":0,"player_choice":"Paid","damage_taken":0,"relics_obtained":["Red Mask"],"max_hp_gain":0,"max_hp_loss":0,"event_name":"Tomb of Lord Red Mask","floor":47,"gold_loss":74}],"is_beta":false,"boss_relics":[{"not_picked":["Velvet Choker","Astrolabe"],"picked":"Cursed Key"},{"not_picked":["Snecko Eye","Runic Pyramid"],"picked":"Empty Cage"}],"items_purged_floors":[27,31,36,46],"is_endless":false,"potions_floor_spawned":[7,10,16,18,30,39,44],"ascension_level":9}