{"gold_per_floor":[118,43,8,26,26,26,37,49,95,95,105,117,117,127,127,228,228,246,345,345,345,207,237,249,249],"floor_reached":25,"playtime":875,"items_purged":["Strike_B","Strike_B"],"score":302,"play_id":"f3d34051-1f89-487b-a828-18884bdae723","local_time":"20230819185201","is_ascension_mode":true,"campfire_choices":[{"data":"Zap","floor":6,"key":"SMITH"},{"data":"Go for the Eyes","floor":10,"key":"SMITH"},{"data":"Static Discharge","floor":13,"key":"SMITH"},{"data":"Glacier","floor":15,"key":"SMITH"}],"neow_cost":"NONE","seed_source_timestamp":926682892836700,"circlet_count":0,"master_deck":["Strike_B","Defend_B","Defend_B","Defend_B","Defend_B","Zap+1","Dualcast","Go for the Eyes+1","Steam","Ball Lightning","Static Discharge+1","Steam","Glacier+1","FTL","Leap+1"],"relics":["Cracked Core","Centennial Puzzle","Philosopher\u0027s Stone","Boot"],"potions_floor_usage":[18,23],"damage_taken":[{"damage":5,"enemies":"Small Slimes","floor":1,"turns":3},{"damage":0,"enemies":"Jaw Worm","floor":4,"turns":3},{"damage":0,"enemies":"Cultist","floor":7,"turns":2},{"damage":5,"enemies":"2 Fungi Beasts","floor":8,"turns":3},{"damage":9,"enemies":"3 Louse","floor":11,"turns":3},{"damage":16,"enemies":"Lots of Slimes","floor":12,"turns":2},{"damage":3,"enemies":"Looter","floor":14,"turns":3},{"damage":19,"enemies":"The Guardian","floor":16,"turns":14},{"damage":1,"enemies":"3 Byrds","floor":18,"turns":3},{"damage":21,"enemies":"Slavers","floor":23,"turns":5},{"damage":0,"enemies":"Shell Parasite","floor":24,"turns":7},{"damage":77,"enemies":"Gremlin Leader","floor":25,"turns":9}],"seed_played":"5628155165668586413","potions_obtained":[{"floor":12,"key":"Explosive Potion"},{"floor":14,"key":"Strength Potion"},{"floor":18,"key":"Explosive Potion"}],"is_trial":false,"path_per_floor":["M","$","?","M","?","R","M","M","T","R","M","M","R","M","R","B",null,"M","?","?","?","$","E","M","E"],"character_chosen":"DEFECT","items_purchased":["FTL"],"campfire_rested":0,"item_purchase_floors":[22],"current_hp_per_floor":[70,70,82,82,82,82,82,77,77,77,68,52,52,49,49,30,69,68,68,68,92,92,71,71,0],"gold":249,"neow_bonus":"TEN_PERCENT_HP_BONUS","is_prod":false,"is_daily":false,"chose_seed":false,"campfire_upgraded":4,"win_rate":0,"timestamp":1692496321,"path_taken":["M","$","?","M","?","R","M","M","T","R","?","M","R","M","R","BOSS","M","?","?","?","$","E","M","E"],"build_version":"2022-12-18","purchased_purges":2,"victory":false,"max_hp_per_floor":[82,82,82,82,82,82,82,82,82,82,82,82,82,82,82,82,82,82,82,82,92,92,92,92,92],"card_choices":[{"not_picked":["Redo","Gash"],"picked":"Go for the Eyes","floor":1},{"not_picked":["Stack","BootSequence"],"picked":"Steam","floor":4},{"not_picked":["Beam Cell","Hologram","Rip and Tear"],"picked":"SKIP","floor":7},{"not_picked":["Streamline","Sunder"],"picked":"Static Discharge","floor":8},{"not_picked":["Sweeping Beam","Rebound","Stack"],"picked":"SKIP","floor":11},{"not_picked":["Turbo","Compile Driver"],"picked":"Steam","floor":12},{"not_picked":["Coolheaded","Darkness"],"picked":"Glacier","floor":14},{"not_picked":["Rainbow","Seek"],"picked":"Buffer","floor":16},{"not_picked":["Turbo","Leap","Hello World"],"picked":"SKIP","floor":18},{"not_picked":["Rebound","Hello World","Scrape+1"],"picked":"SKIP","floor":23},{"not_picked":["Barrage","Redo+1"],"picked":"Leap+1","floor":24}],"player_experience":311496,"relics_obtained":[{"floor":9,"key":"Centennial Puzzle"},{"floor":23,"key":"Boot"}],"event_choices":[{"damage_healed":20,"gold_gain":0,"player_choice":"Healed","damage_taken":0,"max_hp_gain":0,"max_hp_loss":0,"event_name":"The Cleric","floor":3,"gold_loss":35},{"damage_healed":0,"gold_gain":0,"cards_transformed":["Strike_B"],"player_choice":"Transformed","damage_taken":0,"max_hp_gain":0,"max_hp_loss":0,"event_name":"Transmorgrifier","floor":5,"gold_loss":0,"cards_obtained":["Ball Lightning"]},{"damage_healed":0,"gold_gain":99,"player_choice":"Stole From Cult","damage_taken":0,"max_hp_gain":0,"max_hp_loss":0,"event_name":"Nest","floor":19,"gold_loss":0},{"damage_healed":0,"gold_gain":0,"player_choice":"Ignored","damage_taken":0,"max_hp_gain":0,"max_hp_loss":0,"event_name":"Vampires","floor":20,"gold_loss":0},{"cards_removed":["Buffer"],"damage_healed":14,"gold_gain":0,"player_choice":"Offered Rare","damage_taken":0,"max_hp_gain":10,"max_hp_loss":0,"event_name":"Bonfire Elementals","floor":21,"gold_loss":0}],"is_beta":false,"boss_relics":[{"not_picked":["SacredBark","SlaversCollar"],"picked":"Philosopher\u0027s Stone"}],"items_purged_floors":[2,22],"is_endless":false,"potions_floor_spawned":[12,14,18],"killed_by":"Gremlin Leader","ascension_level":6}