{"gold_per_floor":[19,19,38,53,53,53,94,94,170,95,95,108,108,123,123,243,243,268,268,292,43,56,99,14,14,14,27,27,40,71,87,87,208,208,222,285,285,310,310,349,34,53,53,53,93,93,93,109,109,109],"floor_reached":51,"playtime":2807,"items_purged":["Strike_B","Decay","Strike_B"],"score":830,"play_id":"ce7c5fe8-2148-4047-b992-d05fc6995f1e","local_time":"20230815170041","is_ascension_mode":true,"campfire_choices":[{"data":"Lockon","floor":6,"key":"SMITH"},{"data":"Defragment","floor":8,"key":"SMITH"},{"data":"Chill","floor":13,"key":"SMITH"},{"data":"Capacitor","floor":15,"key":"SMITH"},{"data":"Leap","floor":25,"key":"SMITH"},{"data":"Electrodynamics","floor":28,"key":"SMITH"},{"data":"Machine Learning","floor":32,"key":"SMITH"},{"data":"Master of Strategy","floor":44,"key":"SMITH"},{"data":"Defend_B","floor":46,"key":"SMITH"},{"floor":49,"key":"REST"}],"neow_cost":"NO_GOLD","seed_source_timestamp":572454500194200,"circlet_count":0,"master_deck":["Defend_B","Defend_B","Defend_B+1","Defend_B+1","Zap+1","Dualcast+1","Ball Lightning","Lockon+1","Defragment+1","Chill+1","Capacitor+1","Electrodynamics+1","Cold Snap","Ball Lightning","Leap+1","Fusion+1","Glacier+1","Stack+1","Machine Learning+1","Go for the Eyes+1","FTL","FTL","Blind","Master of Strategy+1"],"relics":["Cracked Core","Golden Idol","War Paint","Cables","Inserter","Lee\u0027s Waffle","Oddly Smooth Stone","Letter Opener","Pantograph","Red Mask","SlaversCollar","Torii","Gambling Chip","Toxic Egg 2","Blood Vial"],"potions_floor_usage":[7,7,18,18,30,30,36,36,36,42],"damage_taken":[{"damage":0,"enemies":"2 Louse","floor":1,"turns":4},{"damage":2,"enemies":"Jaw Worm","floor":3,"turns":3},{"damage":0,"enemies":"Cultist","floor":4,"turns":3},{"damage":15,"enemies":"3 Sentries","floor":7,"turns":6},{"damage":0,"enemies":"2 Fungi Beasts","floor":12,"turns":2},{"damage":1,"enemies":"Looter","floor":14,"turns":2},{"damage":20,"enemies":"Hexaghost","floor":16,"turns":8},{"damage":16,"enemies":"Shell Parasite","floor":18,"turns":3},{"damage":10,"enemies":"2 Thieves","floor":20,"turns":4},{"damage":0,"enemies":"3 Cultists","floor":22,"turns":2},{"damage":16,"enemies":"Gremlin Leader","floor":23,"turns":5},{"damage":0,"enemies":"Cultist and Chosen","floor":27,"turns":5},{"damage":22,"enemies":"Centurion and Healer","floor":29,"turns":4},{"damage":21,"enemies":"Masked Bandits","floor":30,"turns":4},{"damage":8,"enemies":"Chosen and Byrds","floor":31,"turns":5},{"damage":20,"enemies":"Collector","floor":33,"turns":7},{"damage":0,"enemies":"3 Shapes","floor":35,"turns":2},{"damage":29,"enemies":"2 Orb Walkers","floor":36,"turns":5},{"damage":1,"enemies":"Orb Walker","floor":38,"turns":4},{"damage":17,"enemies":"Giant Head","floor":40,"turns":9},{"damage":1,"enemies":"Spire Growth","floor":42,"turns":4},{"damage":0,"enemies":"Nemesis","floor":45,"turns":9},{"damage":0,"enemies":"3 Darklings","floor":48,"turns":3},{"damage":4,"enemies":"Time Eater","floor":50,"turns":12}],"seed_played":"-405351132017474876","potions_obtained":[{"floor":1,"key":"Dexterity Potion"},{"floor":3,"key":"FocusPotion"},{"floor":7,"key":"FearPotion"},{"floor":12,"key":"Fire Potion"},{"floor":14,"key":"Fire Potion"},{"floor":22,"key":"Energy Potion"},{"floor":23,"key":"EssenceOfSteel"},{"floor":30,"key":"Dexterity Potion"},{"floor":31,"key":"DuplicationPotion"},{"floor":40,"key":"Block Potion"},{"floor":48,"key":"FearPotion"}],"is_trial":false,"path_per_floor":["M","?","M","M","?","R","E","R","T","$","?","M","R","M","R","B",null,"M","?","M","$","M","E","?","R","T","M","R","M","?","M","R","B",null,"M","?","?","M","?","E","$","M","T","R","E","R","?","M","R","B",null],"character_chosen":"DEFECT","items_purchased":["Lee\u0027s Waffle","Master of Strategy"],"campfire_rested":1,"item_purchase_floors":[21,41],"current_hp_per_floor":[75,57,55,55,55,55,40,40,40,40,40,40,40,39,39,19,75,59,59,49,82,82,73,73,73,73,80,80,65,44,43,43,48,82,82,53,53,52,52,42,42,48,48,48,55,55,55,57,78,74],"gold":109,"neow_bonus":"REMOVE_TWO","is_prod":false,"is_daily":false,"chose_seed":false,"campfire_upgraded":9,"win_rate":0,"timestamp":1692144041,"path_taken":["M","?","M","M","?","R","E","R","T","?","?","M","R","M","R","BOSS","M","?","M","$","M","E","?","R","T","M","R","M","?","M","R","BOSS","M","?","?","M","?","E","$","M","T","R","E","R","?","M","R","BOSS"],"build_version":"2022-12-18","purchased_purges":3,"victory":true,"max_hp_per_floor":[75,75,75,75,75,75,75,75,75,75,75,75,75,75,75,75,75,75,75,75,82,82,82,82,82,82,82,82,82,82,82,82,82,82,82,82,78,78,78,78,78,78,78,78,78,78,78,78,78,78],"card_choices":[{"not_picked":["BootSequence","Barrage"],"picked":"Ball Lightning","floor":1},{"not_picked":["Doom and Gloom","Conserve Battery"],"picked":"Lockon","floor":3},{"not_picked":["Steam Power","Stack","Turbo"],"picked":"SKIP","floor":4},{"not_picked":["Chaos","Cold Snap"],"picked":"Defragment","floor":7},{"not_picked":["Cold Snap","Rebound"],"picked":"Chill","floor":12},{"not_picked":["Ball Lightning","Redo"],"picked":"Capacitor","floor":14},{"not_picked":["Fission","Thunder Strike"],"picked":"Electrodynamics","floor":16},{"not_picked":["Undo","Leap"],"picked":"Cold Snap","floor":18},{"not_picked":["Compile Driver+1","Loop"],"picked":"Ball Lightning","floor":20},{"not_picked":["Reinforced Body","Static Discharge"],"picked":"Self Repair","floor":22},{"not_picked":["Fission","Steam"],"picked":"Leap","floor":23},{"not_picked":["Redo","Darkness"],"picked":"Fusion+1","floor":27},{"not_picked":["Capacitor","Streamline+1"],"picked":"Glacier+1","floor":29},{"not_picked":["Gash","Hologram"],"picked":"Stack+1","floor":30},{"not_picked":["Coolheaded","Heatsinks"],"picked":"Machine Learning","floor":31},{"not_picked":["Compile Driver+1","Steam"],"picked":"Go for the Eyes+1","floor":35},{"not_picked":["Barrage","Leap"],"picked":"FTL","floor":36},{"not_picked":["Beam Cell","Undo"],"picked":"FTL","floor":38},{"not_picked":["Panacea","Deep Breath"],"picked":"Blind","floor":39},{"not_picked":["Force Field","Hello World+1","Hyperbeam"],"picked":"SKIP","floor":40},{"not_picked":["Gash","Turbo","BootSequence"],"picked":"SKIP","floor":42},{"not_picked":["Redo+1","Fission+1","Self Repair+1"],"picked":"SKIP","floor":45},{"not_picked":["Redo+1","Gash+1","Auto Shields+1"],"picked":"SKIP","floor":48}],"player_experience":259869,"relics_obtained":[{"floor":7,"key":"War Paint"},{"floor":9,"key":"Cables"},{"floor":23,"key":"Oddly Smooth Stone"},{"floor":26,"key":"Pantograph"},{"floor":30,"key":"Red Mask"},{"floor":36,"key":"Torii"},{"floor":40,"key":"Gambling Chip"},{"floor":43,"key":"Toxic Egg 2"},{"floor":45,"key":"Blood Vial"}],"event_choices":[{"damage_healed":0,"gold_gain":0,"player_choice":"Take Damage","damage_taken":18,"relics_obtained":["Golden Idol"],"max_hp_gain":0,"max_hp_loss":0,"event_name":"Golden Idol","floor":2,"gold_loss":0},{"damage_healed":0,"gold_gain":0,"player_choice":"Grow","damage_taken":0,"max_hp_gain":0,"max_hp_loss":0,"event_name":"Living Wall","floor":5,"gold_loss":0,"cards_upgraded":["Zap"]},{"damage_healed":0,"gold_gain":0,"player_choice":"Cursed","damage_taken":0,"max_hp_gain":0,"max_hp_loss":0,"event_name":"Wheel of Change","floor":11,"gold_loss":0,"cards_obtained":["Decay"]},{"damage_healed":0,"gold_gain":0,"player_choice":"Ignored","damage_taken":0,"max_hp_gain":0,"max_hp_loss":0,"event_name":"Vampires","floor":19,"gold_loss":0},{"damage_healed":0,"gold_gain":0,"player_choice":"Obtained Relic","damage_taken":0,"relics_obtained":["Letter Opener"],"max_hp_gain":0,"max_hp_loss":0,"event_name":"Addict","floor":24,"gold_loss":85},{"damage_healed":0,"gold_gain":0,"player_choice":"Fought Bandits","damage_taken":0,"max_hp_gain":0,"max_hp_loss":0,"event_name":"Masked Bandits","floor":30,"gold_loss":0},{"damage_healed":0,"gold_gain":0,"player_choice":"Fight","damage_taken":0,"max_hp_gain":0,"max_hp_loss":0,"event_name":"Mysterious Sphere","floor":36,"gold_loss":0},{"damage_healed":0,"gold_gain":0,"player_choice":"Max HP","damage_taken":0,"max_hp_gain":0,"max_hp_loss":4,"event_name":"Winding Halls","floor":37,"gold_loss":0},{"damage_healed":0,"gold_gain":0,"player_choice":"Memory 1","damage_taken":0,"max_hp_gain":0,"max_hp_loss":0,"event_name":"SensoryStone","floor":39,"gold_loss":0},{"cards_removed":["Self Repair"],"damage_healed":0,"gold_gain":0,"player_choice":"Removed Power","damage_taken":0,"max_hp_gain":0,"max_hp_loss":0,"event_name":"Falling","floor":47,"gold_loss":0}],"is_beta":false,"boss_relics":[{"not_picked":["Coffee Dripper","Runic Dome"],"picked":"Inserter"},{"not_picked":["Cursed Key","Velvet Choker"],"picked":"SlaversCollar"}],"items_purged_floors":[10,21,41],"is_endless":false,"potions_floor_spawned":[1,3,7,12,14,22,23,29,30,31,40,48],"ascension_level":3}