{"gold_per_floor":[115,290,302,56,69,69,69,102,102,102,117,117,127,154,154,231,231,248,248,248,262,36,36,50,50,50,81,81,62,62,62],"floor_reached":31,"playtime":1192,"items_purged":["Doubt","Strike_B"],"score":431,"play_id":"ec798c95-1584-4a9e-b5fb-5db0f93fb165","local_time":"20230901200402","is_ascension_mode":true,"campfire_choices":[{"data":"Consume","floor":6,"key":"SMITH"},{"data":"Bandage Up","floor":10,"key":"SMITH"},{"data":"Thinking Ahead","floor":12,"key":"SMITH"},{"data":"Capacitor","floor":15,"key":"SMITH"},{"data":"Steam","floor":23,"key":"SMITH"},{"floor":25,"key":"REST"},{"data":"Dualcast","floor":28,"key":"SMITH"}],"neow_cost":"TEN_PERCENT_HP_LOSS","seed_source_timestamp":2053931121090100,"circlet_count":0,"master_deck":["AscendersBane","Strike_B","Strike_B","Strike_B","Defend_B","Defend_B","Defend_B","Defend_B","Zap+1","Dualcast+1","Thinking Ahead+1","Cold Snap","Capacitor+1","Consume+1","Bandage Up+1","Ball Lightning","Steam+1","Cold Snap+1","Seek+1","Reinforced Body+1","Coolheaded+1","Ball Lightning+1","Capacitor+1","Auto Shields+1"],"relics":["Cracked Core","Gremlin Horn","Molten Egg 2","Toxic Egg 2","Philosopher\u0027s Stone","Membership Card","Symbiotic Virus","Thread and Needle"],"potions_floor_usage":[14,14,27,31],"damage_taken":[{"damage":0,"enemies":"Cultist","floor":1,"turns":4},{"damage":0,"enemies":"Jaw Worm","floor":3,"turns":3},{"damage":2,"enemies":"2 Louse","floor":5,"turns":3},{"damage":15,"enemies":"Lagavulin","floor":8,"turns":7},{"damage":8,"enemies":"2 Fungi Beasts","floor":11,"turns":3},{"damage":19,"enemies":"Exordium Wildlife","floor":13,"turns":3},{"damage":2,"enemies":"3 Sentries","floor":14,"turns":6},{"damage":20,"enemies":"The Guardian","floor":16,"turns":10},{"damage":17,"enemies":"3 Byrds","floor":18,"turns":5},{"damage":5,"enemies":"Chosen","floor":21,"turns":5},{"damage":9,"enemies":"Snecko","floor":24,"turns":6},{"damage":29,"enemies":"Slavers","floor":27,"turns":5},{"damage":11,"enemies":"Colosseum Slavers","floor":30,"turns":5},{"damage":34,"enemies":"Centurion and Healer","floor":31,"turns":6}],"seed_played":"5514909726805005005","potions_obtained":[{"floor":8,"key":"BlessingOfTheForge"},{"floor":21,"key":"LiquidBronze"},{"floor":27,"key":"ColorlessPotion"}],"is_trial":false,"path_per_floor":["M","?","M","$","M","R","?","E","T","R","M","R","M","E","R","B",null,"M","?","?","M","$","R","M","R","T","E","R","$","?","M"],"character_chosen":"DEFECT","items_purchased":["Consume","Bandage Up","Fire Potion","Membership Card","Coolheaded+1","Auto Shields+1"],"campfire_rested":1,"item_purchase_floors":[4,4,4,22,22,29],"current_hp_per_floor":[68,68,68,68,68,68,68,57,57,57,55,55,42,46,46,32,59,48,36,36,37,37,37,34,55,55,32,32,32,27,0],"gold":62,"neow_bonus":"RANDOM_COLORLESS_2","is_prod":false,"is_daily":false,"chose_seed":false,"campfire_upgraded":6,"win_rate":0,"timestamp":1693623842,"path_taken":["M","?","M","$","M","R","?","E","T","R","M","R","?","E","R","BOSS","M","?","?","M","?","R","M","R","T","E","R","$","?","M"],"build_version":"2022-12-18","purchased_purges":2,"victory":false,"max_hp_per_floor":[68,68,68,68,68,68,68,68,68,68,68,68,68,68,68,68,68,68,73,73,73,73,73,73,73,73,73,73,73,73,73],"card_choices":[{"not_picked":["Magnetism","Sadistic Nature"],"picked":"Thinking Ahead","floor":0},{"not_picked":["Steam","Streamline"],"picked":"Cold Snap","floor":1},{"not_picked":["Cold Snap","Hello World"],"picked":"Capacitor","floor":3},{"not_picked":["Double Energy","Barrage","Redo"],"picked":"SKIP","floor":5},{"not_picked":["Gash","Leap"],"picked":"Ball Lightning","floor":8},{"not_picked":["Redo","Darkness"],"picked":"Steam","floor":11},{"not_picked":["Barrage+1","All For One+1","Scrape+1"],"picked":"SKIP","floor":13},{"not_picked":["Creative AI","Conserve Battery+1"],"picked":"Cold Snap+1","floor":14},{"not_picked":["All For One+1","Machine Learning"],"picked":"Seek+1","floor":16},{"not_picked":["Heatsinks","Barrage+1"],"picked":"Reinforced Body+1","floor":18},{"not_picked":["Heatsinks","Rebound+1","Steam Power+1"],"picked":"SKIP","floor":21},{"not_picked":["Genetic Algorithm+1","FTL+1"],"picked":"Ball Lightning+1","floor":24},{"not_picked":["BootSequence+1","Hologram+1"],"picked":"Capacitor+1","floor":27}],"player_experience":435718,"relics_obtained":[{"floor":8,"key":"Gremlin Horn"},{"floor":9,"key":"Molten Egg 2"},{"floor":14,"key":"Toxic Egg 2"},{"floor":26,"key":"Symbiotic Virus"},{"floor":27,"key":"Thread and Needle"}],"event_choices":[{"damage_healed":0,"gold_gain":175,"player_choice":"AGREE","damage_taken":0,"max_hp_gain":0,"max_hp_loss":0,"event_name":"Liars Game","floor":2,"gold_loss":0,"cards_obtained":["Doubt"]},{"damage_healed":0,"gold_gain":0,"player_choice":"Forge","damage_taken":0,"max_hp_gain":0,"max_hp_loss":0,"event_name":"Accursed Blacksmith","floor":7,"gold_loss":0,"cards_upgraded":["Zap"]},{"damage_healed":0,"gold_gain":0,"player_choice":"Shed Blood","damage_taken":17,"max_hp_gain":5,"max_hp_loss":0,"event_name":"Forgotten Altar","floor":19,"gold_loss":0},{"damage_healed":0,"gold_gain":0,"player_choice":"Ignored","damage_taken":0,"max_hp_gain":0,"max_hp_loss":0,"event_name":"Ghosts","floor":20,"gold_loss":0},{"damage_healed":0,"gold_gain":0,"player_choice":"Fight","damage_taken":0,"max_hp_gain":0,"max_hp_loss":0,"event_name":"Colosseum","floor":30,"gold_loss":0},{"damage_healed":0,"gold_gain":0,"player_choice":"Fled From Nobs","damage_taken":0,"max_hp_gain":0,"max_hp_loss":0,"event_name":"Colosseum","floor":30,"gold_loss":0}],"is_beta":false,"boss_relics":[{"not_picked":["Velvet Choker","Runic Dome"],"picked":"Philosopher\u0027s Stone"}],"items_purged_floors":[4,22],"is_endless":false,"potions_floor_spawned":[8,11,13,21,27],"killed_by":"Centurion and Healer","ascension_level":13}