{"gold_per_floor":[210,24,41,6,19,19,19,19,19,63,87,87,7,7,7,7],"floor_reached":16,"playtime":423,"items_purged":["Strike_B"],"score":162,"play_id":"996d09d8-1847-43d6-b751-249514e635d8","local_time":"20230901182419","is_ascension_mode":true,"campfire_choices":[{"data":"Zap","floor":6,"key":"SMITH"},{"data":"Good Instincts","floor":8,"key":"SMITH"},{"data":"Loop","floor":15,"key":"SMITH"}],"neow_cost":"NONE","seed_source_timestamp":2048720080649700,"circlet_count":0,"master_deck":["AscendersBane","Strike_B","Strike_B","Defend_B","Defend_B","Defend_B","Defend_B","Zap+1","Dualcast","Cold Snap","Leap","Good Instincts+1","Loop+1","Biased Cognition"],"relics":["Cracked Core","Golden Idol","Mummified Hand","Omamori","White Beast Statue"],"potions_floor_usage":[10,16],"damage_taken":[{"damage":10,"enemies":"Small Slimes","floor":1,"turns":4},{"damage":0,"enemies":"2 Louse","floor":3,"turns":3},{"damage":0,"enemies":"Jaw Worm","floor":5,"turns":4},{"damage":26,"enemies":"Gremlin Nob","floor":10,"turns":5},{"damage":0,"enemies":"3 Louse","floor":11,"turns":3},{"damage":32,"enemies":"The Guardian","floor":16,"turns":8}],"seed_played":"-5279972433464388953","potions_obtained":[{"floor":1,"key":"Weak Potion"},{"floor":10,"key":"ColorlessPotion"}],"is_trial":false,"path_per_floor":["M","$","M","?","M","R","?","R","T","E","M","?","$","T","R","B"],"character_chosen":"DEFECT","items_purchased":["Leap","Good Instincts","Biased Cognition"],"campfire_rested":0,"item_purchase_floors":[2,2,13],"current_hp_per_floor":[58,58,58,75,75,75,57,57,57,31,31,31,31,31,31,0],"gold":7,"neow_bonus":"HUNDRED_GOLD","is_prod":false,"is_daily":false,"chose_seed":false,"campfire_upgraded":3,"win_rate":0,"timestamp":1693617859,"path_taken":["M","$","M","?","M","R","?","R","T","E","M","?","?","?","R","BOSS"],"build_version":"2022-12-18","purchased_purges":1,"victory":false,"max_hp_per_floor":[75,75,75,75,75,75,75,75,75,75,75,75,75,75,75,75],"card_choices":[{"not_picked":["Recycle","Compile Driver"],"picked":"Cold Snap","floor":1},{"not_picked":["Beam Cell","Turbo"],"picked":"Loop","floor":3},{"not_picked":["Force Field","Hologram","Stack"],"picked":"SKIP","floor":5},{"not_picked":["Beam Cell","Rip and Tear","Redo"],"picked":"SKIP","floor":10},{"not_picked":["Heatsinks","Multi-Cast","Static Discharge"],"picked":"SKIP","floor":11}],"player_experience":435295,"relics_obtained":[{"floor":9,"key":"Mummified Hand"},{"floor":10,"key":"Omamori"},{"floor":14,"key":"White Beast Statue"}],"event_choices":[{"damage_healed":18,"gold_gain":0,"player_choice":"Healed","damage_taken":0,"max_hp_gain":0,"max_hp_loss":0,"event_name":"The Cleric","floor":4,"gold_loss":35},{"damage_healed":0,"gold_gain":0,"player_choice":"Take Damage","damage_taken":18,"relics_obtained":["Golden Idol"],"max_hp_gain":0,"max_hp_loss":0,"event_name":"Golden Idol","floor":7,"gold_loss":0},{"cards_removed":["Strike_B"],"damage_healed":0,"gold_gain":0,"player_choice":"Forget","damage_taken":0,"max_hp_gain":0,"max_hp_loss":0,"event_name":"Living Wall","floor":12,"gold_loss":0}],"is_beta":false,"boss_relics":[],"items_purged_floors":[2],"is_endless":false,"potions_floor_spawned":[1,10],"killed_by":"The Guardian","ascension_level":13}