{"gold_per_floor":[368,80,80,99,119,119,144,144,144,169,187,202,228,247,247,324,324,334,334,120,35,47,47,62,112,137,137],"floor_reached":27,"playtime":1041,"items_purged":["Strike_B","Strike_B"],"score":413,"play_id":"e53f056a-45a2-4b65-86c6-887d7437e1a3","local_time":"20230909011726","is_ascension_mode":true,"campfire_choices":[{"data":"Zap","floor":6,"key":"SMITH"},{"data":"Lockon","floor":8,"key":"SMITH"},{"floor":15,"key":"REST"},{"floor":23,"key":"REST"}],"neow_cost":"PERCENT_DAMAGE","seed_source_timestamp":2677719068214300,"circlet_count":0,"master_deck":["AscendersBane","Defend_B","Defend_B","Defend_B","Defend_B","Zap+1","Dualcast","Coolheaded","Lockon+1","Ball Lightning","Cold Snap","FTL","Ball Lightning","Doom and Gloom","Core Surge","BootSequence","Capacitor","Multi-Cast","Defragment","Auto Shields","Coolheaded"],"relics":["Cracked Core","Runic Capacitor","Odd Mushroom","Bottled Flame","Blood Vial","Tiny Chest","SlaversCollar","Pen Nib","DataDisk"],"potions_floor_usage":[7,10,13,13,22],"damage_taken":[{"damage":4,"enemies":"Jaw Worm","floor":1,"turns":3},{"damage":8,"enemies":"Small Slimes","floor":4,"turns":4},{"damage":0,"enemies":"2 Louse","floor":5,"turns":3},{"damage":11,"enemies":"The Mushroom Lair","floor":7,"turns":4},{"damage":11,"enemies":"Gremlin Nob","floor":10,"turns":3},{"damage":7,"enemies":"Large Slime","floor":11,"turns":3},{"damage":3,"enemies":"2 Fungi Beasts","floor":12,"turns":3},{"damage":8,"enemies":"3 Sentries","floor":13,"turns":5},{"damage":10,"enemies":"Exordium Wildlife","floor":14,"turns":4},{"damage":19,"enemies":"Slime Boss","floor":16,"turns":6},{"damage":34,"enemies":"2 Thieves","floor":18,"turns":4},{"damage":26,"enemies":"3 Byrds","floor":22,"turns":5},{"damage":20,"enemies":"Shelled Parasite and Fungi","floor":24,"turns":6},{"damage":17,"enemies":"3 Cultists","floor":27,"turns":3}],"seed_played":"7583497633987868517","potions_obtained":[{"floor":1,"key":"Block Potion"},{"floor":4,"key":"PowerPotion"},{"floor":11,"key":"ColorlessPotion"},{"floor":12,"key":"SteroidPotion"},{"floor":14,"key":"Strength Potion"}],"is_trial":false,"path_per_floor":["M","$","?","M","M","R","?","R","T","E","M","M","E","M","R","B",null,"M","?","$","?","M","R","M","?","T","M"],"character_chosen":"DEFECT","items_purchased":["Runic Capacitor","SteroidPotion","Defragment","Auto Shields"],"campfire_rested":2,"item_purchase_floors":[2,2,20,20],"current_hp_per_floor":[42,42,65,57,57,57,46,46,46,35,30,29,23,15,36,19,58,26,26,26,26,2,23,5,5,5,0],"gold":137,"neow_bonus":"TWO_FIFTY_GOLD","is_prod":false,"is_daily":false,"chose_seed":false,"campfire_upgraded":2,"win_rate":0,"timestamp":1694247446,"path_taken":["M","$","?","M","M","R","?","R","T","E","M","M","E","M","R","BOSS","M","?","$","?","M","R","M","?","T","M"],"build_version":"2022-12-18","purchased_purges":2,"victory":false,"max_hp_per_floor":[71,71,71,71,71,71,71,71,71,71,71,71,71,71,71,71,71,71,71,71,71,71,71,71,71,71,71],"card_choices":[{"not_picked":["Recycle","Turbo"],"picked":"Coolheaded","floor":1},{"not_picked":["Doom and Gloom","Redo"],"picked":"Lockon","floor":4},{"not_picked":["Rip and Tear","Beam Cell"],"picked":"Ball Lightning","floor":5},{"not_picked":["Turbo","Beam Cell"],"picked":"Cold Snap","floor":7},{"not_picked":["Barrage","Darkness","Gash"],"picked":"SKIP","floor":10},{"not_picked":["Compile Driver","Hologram"],"picked":"FTL","floor":11},{"not_picked":["Streamline","Rip and Tear"],"picked":"Ball Lightning","floor":12},{"not_picked":["Rip and Tear","Fusion","Heatsinks"],"picked":"SKIP","floor":13},{"not_picked":["Gash","Redo"],"picked":"Doom and Gloom","floor":14},{"not_picked":["Seek","Echo Form"],"picked":"Core Surge","floor":16},{"not_picked":["Beam Cell","Loop"],"picked":"BootSequence","floor":18},{"not_picked":["Leap","Lockon"],"picked":"Coolheaded","floor":22},{"not_picked":["Barrage+1","Compile Driver+1","Hello World"],"picked":"SKIP","floor":24}],"player_experience":522304,"relics_obtained":[{"floor":7,"key":"Odd Mushroom"},{"floor":9,"key":"Bottled Flame"},{"floor":10,"key":"Blood Vial"},{"floor":13,"key":"Tiny Chest"},{"floor":26,"key":"DataDisk"}],"event_choices":[{"damage_healed":23,"gold_gain":0,"player_choice":"Banana","damage_taken":0,"max_hp_gain":0,"max_hp_loss":0,"event_name":"Big Fish","floor":3,"gold_loss":0},{"damage_healed":0,"gold_gain":0,"player_choice":"Fought Mushrooms","damage_taken":0,"max_hp_gain":0,"max_hp_loss":0,"event_name":"Mushrooms","floor":7,"gold_loss":0},{"damage_healed":0,"gold_gain":0,"cards_transformed":["Strike_B","Strike_B"],"player_choice":"Became Test Subject","damage_taken":0,"max_hp_gain":0,"max_hp_loss":0,"event_name":"Drug Dealer","floor":19,"gold_loss":0,"cards_obtained":["Capacitor","Multi-Cast"]},{"damage_healed":0,"gold_gain":0,"player_choice":"Obtained Relic","damage_taken":0,"relics_obtained":["Pen Nib"],"max_hp_gain":0,"max_hp_loss":0,"event_name":"Addict","floor":21,"gold_loss":85},{"damage_healed":0,"gold_gain":50,"player_choice":"Stole From Cult","damage_taken":0,"max_hp_gain":0,"max_hp_loss":0,"event_name":"Nest","floor":25,"gold_loss":0}],"is_beta":false,"boss_relics":[{"not_picked":["Black Star","Empty Cage"],"picked":"SlaversCollar"}],"items_purged_floors":[2,20],"is_endless":false,"potions_floor_spawned":[1,4,11,12,14],"killed_by":"3 Cultists","ascension_level":17}