{"gold_per_floor":[219,236,255,33,45,45,77,77,77,77,103,103,116,116,116,190,190,208,222,50,50],"floor_reached":21,"playtime":852,"items_purged":["Strike_B"],"score":369,"play_id":"0a9ca6ce-4379-4480-b81e-acaef12b5772","local_time":"20230913192824","is_ascension_mode":true,"campfire_choices":[{"data":"Streamline","floor":6,"key":"SMITH"},{"data":"Beam Cell","floor":8,"key":"SMITH"},{"data":"Consume","floor":10,"key":"SMITH"},{"data":"Rebound","floor":15,"key":"SMITH"}],"neow_cost":"NONE","seed_source_timestamp":2651024439700,"circlet_count":0,"master_deck":["AscendersBane","Strike_B","Strike_B","Defend_B","Defend_B","Defend_B","Zap","Dualcast","Go for the Eyes","Streamline+1","Chill","Beam Cell+1","Core Surge","Rebound+1","Consume+1","Hologram","Cold Snap","Machine Learning","Coolheaded","Ball Lightning"],"relics":["Cracked Core","Boot","Darkstone Periapt","Gambling Chip","Empty Cage","ClockworkSouvenir"],"potions_floor_usage":[16,19],"damage_taken":[{"damage":1,"enemies":"Small Slimes","floor":1,"turns":3},{"damage":9,"enemies":"Jaw Worm","floor":2,"turns":3},{"damage":0,"enemies":"2 Louse","floor":3,"turns":2},{"damage":0,"enemies":"Gremlin Gang","floor":5,"turns":5},{"damage":13,"enemies":"Lagavulin","floor":7,"turns":6},{"damage":15,"enemies":"3 Sentries","floor":11,"turns":10},{"damage":8,"enemies":"Red Slaver","floor":13,"turns":3},{"damage":3,"enemies":"Hexaghost","floor":16,"turns":9},{"damage":29,"enemies":"Chosen","floor":18,"turns":4},{"damage":21,"enemies":"Shell Parasite","floor":19,"turns":4},{"damage":10,"enemies":"Snake Plant","floor":21,"turns":1}],"seed_played":"-3671935316056291302","potions_obtained":[{"floor":1,"key":"Swift Potion"},{"floor":2,"key":"Swift Potion"},{"floor":11,"key":"Energy Potion"},{"floor":16,"key":"Energy Potion"},{"floor":19,"key":"Explosive Potion"}],"is_trial":false,"path_per_floor":["M","M","M","$","M","R","E","R","T","R","E","?","M","?","R","B",null,"M","M","$","M"],"character_chosen":"DEFECT","items_purchased":["Beam Cell","Core Surge","ClockworkSouvenir"],"campfire_rested":0,"item_purchase_floors":[4,4,20],"current_hp_per_floor":[63,54,54,54,54,54,41,41,41,41,26,26,18,18,18,15,57,28,7,7,0],"gold":50,"neow_bonus":"HUNDRED_GOLD","is_prod":false,"is_daily":false,"chose_seed":false,"campfire_upgraded":4,"win_rate":0,"timestamp":1694658504,"path_taken":["M","M","M","$","M","R","E","R","T","R","E","?","M","?","R","BOSS","M","M","$","M"],"build_version":"2022-12-18","purchased_purges":1,"victory":false,"max_hp_per_floor":[71,71,71,71,71,71,71,71,71,71,71,71,71,71,71,71,71,71,71,71,71],"card_choices":[{"not_picked":["Steam","Stack"],"picked":"Go for the Eyes","floor":1},{"not_picked":["Leap","Gash"],"picked":"Streamline","floor":2},{"not_picked":["Skim","Barrage"],"picked":"Chill","floor":3},{"not_picked":["Reinforced Body","Creative AI"],"picked":"Rebound","floor":5},{"not_picked":["Steam","Turbo"],"picked":"Consume","floor":7},{"not_picked":["Compile Driver","Blizzard"],"picked":"Hologram","floor":11},{"not_picked":["Rebound","Barrage"],"picked":"Cold Snap","floor":13},{"not_picked":["Thunder Strike","Multi-Cast"],"picked":"Machine Learning","floor":16},{"not_picked":["Stack","Storm"],"picked":"Coolheaded","floor":18},{"not_picked":["Cold Snap","Chill"],"picked":"Ball Lightning","floor":19}],"player_experience":587890,"relics_obtained":[{"floor":7,"key":"Boot"},{"floor":9,"key":"Darkstone Periapt"},{"floor":11,"key":"Gambling Chip"}],"event_choices":[{"damage_healed":0,"gold_gain":0,"player_choice":"Fled","damage_taken":0,"max_hp_gain":0,"max_hp_loss":0,"event_name":"Scrap Ooze","floor":12,"gold_loss":0},{"damage_healed":0,"gold_gain":0,"player_choice":"Ignored","damage_taken":0,"max_hp_gain":0,"max_hp_loss":0,"event_name":"Shining Light","floor":14,"gold_loss":0}],"is_beta":false,"boss_relics":[{"not_picked":["Tiny House","Runic Pyramid"],"picked":"Empty Cage"}],"items_purged_floors":[4],"is_endless":false,"potions_floor_spawned":[1,2,11,16,19],"killed_by":"Snake Plant","ascension_level":19}