{"gold_per_floor":[360,374,64,75,75,75,108,108,108,131,142,142,142,155,155,155],"floor_reached":16,"playtime":540,"items_purged":["Strike_B"],"score":195,"play_id":"890593dd-7791-4634-a9aa-d0bad5267584","local_time":"20230913053344","is_ascension_mode":true,"campfire_choices":[{"data":"Rip and Tear","floor":6.0,"key":"SMITH"},{"data":"Recycle","floor":8.0,"key":"SMITH"},{"data":"Beam Cell","floor":13.0,"key":"SMITH"},{"floor":15.0,"key":"REST"}],"neow_cost":"PERCENT_DAMAGE","seed_source_timestamp":276886965228100,"circlet_count":0,"master_deck":["AscendersBane","Strike_B","Strike_B","Defend_B","Defend_B","Defend_B","Defend_B","Zap","Dualcast","Lockon","Conserve Battery","Panacea","Rip and Tear+1","BootSequence","Coolheaded","Recycle+1","Coolheaded","Beam Cell+1"],"special_seed":0,"relics":["Cracked Core","Pantograph","Potion Belt","Odd Mushroom"],"potions_floor_usage":[16],"damage_taken":[{"damage":6.0,"enemies":"Cultist","floor":1.0,"turns":4.0},{"damage":3.0,"enemies":"Small Slimes","floor":2.0,"turns":4.0},{"damage":0.0,"enemies":"2 Louse","floor":4.0,"turns":2.0},{"damage":11.0,"enemies":"Lagavulin","floor":7.0,"turns":6.0},{"damage":0.0,"enemies":"The Mushroom Lair","floor":10.0,"turns":2.0},{"damage":0.0,"enemies":"2 Fungi Beasts","floor":11.0,"turns":3.0},{"damage":0.0,"enemies":"3 Louse","floor":14.0,"turns":3.0},{"damage":70,"enemies":"Hexaghost","floor":16,"turns":9}],"seed_played":"-8450727477440080203","potions_obtained":[{"floor":1.0,"key":"AttackPotion"},{"floor":4.0,"key":"Strength Potion"},{"floor":7.0,"key":"PowerPotion"}],"is_trial":false,"path_per_floor":["M","M","$","M","$","R","E","R","T","?","M","?","R","M","R","B"],"character_chosen":"DEFECT","items_purchased":["Panacea","Rip and Tear","BootSequence"],"campfire_rested":1,"item_purchase_floors":[3,3,3],"current_hp_per_floor":[40,37,37,37,37,37,26,26,26,26,26,19,19,19,40,0],"gold":155,"neow_bonus":"TWO_FIFTY_GOLD","is_prod":false,"is_daily":false,"chose_seed":false,"campfire_upgraded":3,"win_rate":0,"timestamp":1694608424,"path_taken":["M","M","?","M","$","R","E","R","T","?","M","?","R","M","R","BOSS"],"build_version":"2022-12-18","purchased_purges":1,"victory":false,"max_hp_per_floor":[71,71,71,71,71,71,71,71,71,71,71,71,71,71,71,71],"card_choices":[{"not_picked":["Loop","Fusion"],"picked":"Lockon","floor":1.0},{"not_picked":["Rebound","Darkness"],"picked":"Conserve Battery","floor":2.0},{"not_picked":["Stack","Conserve Battery"],"picked":"Coolheaded","floor":4.0},{"not_picked":["Conserve Battery","Hologram"],"picked":"Recycle","floor":7.0},{"not_picked":["Compile Driver","Leap"],"picked":"Coolheaded","floor":10.0},{"not_picked":["Loop","Chill"],"picked":"Beam Cell","floor":11.0},{"not_picked":["Leap","Hyperbeam","Stack"],"picked":"SKIP","floor":14.0}],"player_experience":578835,"relics_obtained":[{"floor":7.0,"key":"Pantograph"},{"floor":9.0,"key":"Potion Belt"},{"floor":10.0,"key":"Odd Mushroom"}],"event_choices":[{"damage_healed":0.0,"max_hp_gain":0.0,"max_hp_loss":0.0,"gold_gain":0.0,"event_name":"Mushrooms","player_choice":"Fought Mushrooms","floor":10.0,"gold_loss":0.0,"damage_taken":0.0},{"cards_removed":["Strike_B"],"damage_healed":0.0,"max_hp_gain":0.0,"max_hp_loss":0.0,"gold_gain":0.0,"event_name":"Golden Wing","player_choice":"Card Removal","floor":12.0,"gold_loss":0.0,"damage_taken":7.0}],"is_beta":false,"boss_relics":[],"items_purged_floors":[3],"is_endless":false,"potions_floor_spawned":[1,4,7],"killed_by":"Hexaghost","ascension_level":19}