{"gold_per_floor":[109,123,135,152,152,152,169,18,18,37,37],"floor_reached":11,"playtime":386,"items_purged":["Strike_B"],"score":131,"play_id":"92d3333a-eeaa-44bd-88d4-49a6ee41338b","local_time":"20230913054019","is_ascension_mode":true,"campfire_choices":[{"data":"Dualcast","floor":6,"key":"SMITH"}],"neow_cost":"NONE","seed_source_timestamp":277469272314900,"circlet_count":0,"master_deck":["AscendersBane","Strike_B","Strike_B","Strike_B","Defend_B","Defend_B","Defend_B","Defend_B","Zap+1","Dualcast+1","Reinforced Body","Aggregate","Ball Lightning","Leap","Lockon"],"relics":["Cracked Core","Strawberry","DataDisk"],"potions_floor_usage":[10],"damage_taken":[{"damage":0,"enemies":"Cultist","floor":1,"turns":3},{"damage":0,"enemies":"2 Louse","floor":2,"turns":2},{"damage":0,"enemies":"Jaw Worm","floor":3,"turns":3},{"damage":16,"enemies":"3 Louse","floor":4,"turns":3},{"damage":11,"enemies":"Blue Slaver","floor":7,"turns":3},{"damage":21,"enemies":"Exordium Thugs","floor":10,"turns":5},{"damage":29,"enemies":"3 Sentries","floor":11,"turns":4}],"seed_played":"7988481612567046355","potions_obtained":[{"floor":4,"key":"Swift Potion"},{"floor":7,"key":"PowerPotion"}],"is_trial":false,"path_per_floor":["M","M","M","M","?","R","M","$","T","M","E"],"character_chosen":"DEFECT","items_purchased":["Lockon"],"campfire_rested":0,"item_purchase_floors":[8],"current_hp_per_floor":[64,64,64,48,55,55,44,44,44,23,0],"gold":37,"neow_bonus":"UPGRADE_CARD","is_prod":false,"is_daily":false,"chose_seed":false,"campfire_upgraded":1,"win_rate":0,"timestamp":1694608819,"path_taken":["M","M","M","M","?","R","M","$","T","M","E"],"build_version":"2022-12-18","purchased_purges":1,"victory":false,"max_hp_per_floor":[71,71,71,71,78,78,78,78,78,78,78],"card_choices":[{"not_picked":["Barrage","Cold Snap"],"picked":"Reinforced Body","floor":1},{"not_picked":["Storm","Hologram"],"picked":"Aggregate","floor":2},{"not_picked":["Genetic Algorithm","Gash"],"picked":"Ball Lightning","floor":3},{"not_picked":["Steam","Gash","Redo"],"picked":"SKIP","floor":4},{"not_picked":["Cold Snap","Force Field"],"picked":"Leap","floor":7},{"not_picked":["Storm","Aggregate","Barrage"],"picked":"SKIP","floor":10}],"player_experience":579375,"relics_obtained":[{"floor":9,"key":"DataDisk"}],"event_choices":[{"damage_healed":0,"gold_gain":0,"player_choice":"Gave Potion","damage_taken":0,"relics_obtained":["Strawberry"],"max_hp_gain":0,"max_hp_loss":0,"event_name":"WeMeetAgain","floor":5,"gold_loss":0}],"is_beta":false,"boss_relics":[],"items_purged_floors":[8],"is_endless":false,"potions_floor_spawned":[4,7],"killed_by":"3 Sentries","ascension_level":19}