{"gold_per_floor":[362,362,377,395,167,167,83,103,127,127,142,142,157,196,196,276,276,296,314,328,378,407,407,407,92,92,92,92,92,92,114,114,114],"floor_reached":33,"playtime":939,"items_purged":["Strike_B","Defend_B"],"score":441,"play_id":"a667ea5a-b83f-45b0-89c4-9ba6f2a52d4d","local_time":"20230906194913","is_ascension_mode":true,"campfire_choices":[{"floor":6,"key":"REST"},{"data":"Defragment","floor":10,"key":"SMITH"},{"data":"Zap","floor":12,"key":"SMITH"},{"data":"Go for the Eyes","floor":15,"key":"SMITH"},{"data":"Biased Cognition","floor":23,"key":"SMITH"},{"data":"Machine Learning","floor":28,"key":"SMITH"},{"data":"Reinforced Body","floor":30,"key":"SMITH"},{"data":"Lockon","floor":32,"key":"SMITH"}],"neow_cost":"TEN_PERCENT_HP_LOSS","seed_source_timestamp":2485324726847700,"circlet_count":0,"master_deck":["AscendersBane","Strike_B+1","Defend_B","Defend_B+1","Defend_B","Zap+1","Dualcast","Cold Snap","Reinforced Body+1","Go for the Eyes+1","Electrodynamics","Defragment+1","Conserve Battery","Glacier","Biased Cognition+1","Consume","Machine Learning+1","Self Repair","Lockon+1"],"relics":["Cracked Core","CeramicFish","Bronze Scales","Busted Crown","Lee\u0027s Waffle","Regal Pillow"],"potions_floor_usage":[14,33],"damage_taken":[{"damage":2,"enemies":"2 Louse","floor":1,"turns":2},{"damage":10,"enemies":"Jaw Worm","floor":3,"turns":2},{"damage":6,"enemies":"Cultist","floor":4,"turns":3},{"damage":2,"enemies":"3 Louse","floor":8,"turns":2},{"damage":1,"enemies":"Exordium Wildlife","floor":11,"turns":3},{"damage":4,"enemies":"Looter","floor":13,"turns":3},{"damage":8,"enemies":"Gremlin Nob","floor":14,"turns":4},{"damage":15,"enemies":"The Guardian","floor":16,"turns":13},{"damage":10,"enemies":"Spheric Guardian","floor":18,"turns":4},{"damage":1,"enemies":"2 Thieves","floor":20,"turns":3},{"damage":1,"enemies":"Snake Plant","floor":22,"turns":3},{"damage":0,"enemies":"Cultist and Chosen","floor":31,"turns":4},{"damage":110,"enemies":"Champ","floor":33,"turns":18}],"seed_played":"-1888177110098876447","potions_obtained":[{"floor":3,"key":"Weak Potion"},{"floor":8,"key":"CultistPotion"},{"floor":14,"key":"Block Potion"},{"floor":16,"key":"FairyPotion"}],"is_trial":false,"path_per_floor":["M","?","M","M","$","R","$","M","T","R","M","R","M","E","R","B",null,"M","?","M","?","M","R","?","$","T","$","R","?","R","M","R","B"],"character_chosen":"DEFECT","items_purchased":["Electrodynamics","Defragment","Lee\u0027s Waffle","FocusPotion"],"campfire_rested":1,"item_purchase_floors":[5,7,25,25],"current_hp_per_floor":[62,43,33,27,27,46,46,44,44,44,43,43,39,31,31,16,52,42,42,41,35,34,34,34,71,71,71,71,51,51,58,58,0],"gold":114,"neow_bonus":"TWO_FIFTY_GOLD","is_prod":false,"is_daily":false,"chose_seed":false,"campfire_upgraded":7,"win_rate":0,"timestamp":1694054953,"path_taken":["M","?","M","M","?","R","$","M","T","R","M","R","M","E","R","BOSS","M","?","M","?","?","R","?","?","T","$","R","?","R","M","R","BOSS"],"build_version":"2022-12-18","purchased_purges":2,"victory":false,"max_hp_per_floor":[64,64,64,64,64,64,64,64,64,64,64,64,64,64,64,64,64,64,64,64,64,64,64,64,71,71,71,71,76,76,76,76,76],"card_choices":[{"not_picked":["Rebound","Redo"],"picked":"Cold Snap","floor":1},{"not_picked":["White Noise","Coolheaded"],"picked":"Reinforced Body","floor":3},{"not_picked":["Steam","Static Discharge"],"picked":"Go for the Eyes","floor":4},{"not_picked":["Barrage","All For One"],"picked":"Conserve Battery","floor":8},{"not_picked":["Conserve Battery","Stack","Redo"],"picked":"SKIP","floor":11},{"not_picked":["Conserve Battery","Darkness","Barrage"],"picked":"SKIP","floor":13},{"not_picked":["Loop","Barrage"],"picked":"Glacier","floor":14},{"not_picked":["Fission","Core Surge"],"picked":"Biased Cognition","floor":16},{"not_picked":["Conserve Battery"],"picked":"SKIP","floor":18},{"not_picked":["Rip and Tear"],"picked":"SKIP","floor":20},{"not_picked":[],"picked":"Self Repair","floor":22},{"not_picked":[],"picked":"Lockon","floor":31}],"player_experience":491171,"relics_obtained":[{"floor":9,"key":"CeramicFish"},{"floor":14,"key":"Bronze Scales"},{"floor":26,"key":"Regal Pillow"}],"event_choices":[{"damage_healed":0,"gold_gain":0,"player_choice":"Entered Light","damage_taken":19,"max_hp_gain":0,"max_hp_loss":0,"event_name":"Shining Light","floor":2,"gold_loss":0,"cards_upgraded":["Strike_B","Defend_B"]},{"damage_healed":0,"gold_gain":0,"cards_transformed":["Strike_B","Strike_B"],"player_choice":"Became Test Subject","damage_taken":0,"max_hp_gain":0,"max_hp_loss":0,"event_name":"Drug Dealer","floor":19,"gold_loss":0,"cards_obtained":["Consume","Machine Learning"]},{"damage_healed":0,"gold_gain":50,"player_choice":"Touch","damage_taken":6,"max_hp_gain":0,"max_hp_loss":0,"event_name":"FaceTrader","floor":21,"gold_loss":0},{"damage_healed":0,"gold_gain":0,"player_choice":"Ignored","damage_taken":0,"max_hp_gain":0,"max_hp_loss":0,"event_name":"Ghosts","floor":24,"gold_loss":0},{"damage_healed":0,"gold_gain":0,"player_choice":"Shed Blood","damage_taken":25,"max_hp_gain":5,"max_hp_loss":0,"event_name":"Forgotten Altar","floor":29,"gold_loss":0}],"is_beta":false,"boss_relics":[{"not_picked":["Fusion Hammer","Pandora\u0027s Box"],"picked":"Busted Crown"}],"items_purged_floors":[5,25],"is_endless":false,"potions_floor_spawned":[3,8,14,16],"killed_by":"Champ","ascension_level":16}