{"gold_per_floor":[362,150,161,161,174,208,108,127,154,164,164,199,199,199,199,273,273,284,297,297,297,172,172,184,184,184,204,222,137,137,137,137,213,213,224,224,55,71,71,71,71,98,98,98,32,32,32,50,50,50],"floor_reached":51,"playtime":1450,"items_purged":["Decay","Strike_B","Defend_B"],"score":1276,"play_id":"ce0e1d76-3d82-4445-9610-d7ee1314d787","local_time":"20230906232116","is_ascension_mode":true,"campfire_choices":[{"data":"Defragment","floor":11,"key":"SMITH"},{"data":"Capacitor","floor":13,"key":"SMITH"},{"floor":15,"key":"REST"},{"data":"Zap","floor":23,"key":"SMITH"},{"data":"Electrodynamics","floor":25,"key":"SMITH"},{"data":"Loop","floor":30,"key":"SMITH"},{"data":"Dualcast","floor":32,"key":"SMITH"},{"data":"Consume","floor":40,"key":"SMITH"},{"data":"Amplify","floor":46,"key":"SMITH"},{"floor":49,"key":"REST"}],"neow_cost":"CURSE","seed_source_timestamp":2497529197596400,"circlet_count":0,"master_deck":["AscendersBane","Defend_B","Defend_B","Zap+1","Dualcast+1","Defragment+1","Capacitor+1","Ball Lightning","Genetic Algorithm","Glacier","Glacier","Loop+1","Electrodynamics+1","Amplify+1","Compile Driver","FTL","Amplify+1","Consume+1","Capacitor"],"relics":["Cracked Core","Nunchaku","Potion Belt","Bronze Scales","Bag of Preparation","Busted Crown","Eternal Feather","Oddly Smooth Stone","Runic Dome","DataDisk","CeramicFish","Akabeko","Bag of Marbles"],"potions_floor_usage":[6,12,12,50,50],"damage_taken":[{"damage":7,"enemies":"Jaw Worm","floor":1,"turns":4},{"damage":1,"enemies":"Cultist","floor":3,"turns":3},{"damage":0,"enemies":"2 Louse","floor":5,"turns":3},{"damage":14,"enemies":"Lagavulin","floor":6,"turns":6},{"damage":0,"enemies":"Exordium Wildlife","floor":8,"turns":7},{"damage":1,"enemies":"Large Slime","floor":10,"turns":9},{"damage":4,"enemies":"Gremlin Nob","floor":12,"turns":8},{"damage":11,"enemies":"Slime Boss","floor":16,"turns":13},{"damage":11,"enemies":"2 Thieves","floor":18,"turns":2},{"damage":0,"enemies":"Spheric Guardian","floor":19,"turns":4},{"damage":10,"enemies":"Snecko","floor":24,"turns":4},{"damage":7,"enemies":"Cultist and Chosen","floor":27,"turns":5},{"damage":0,"enemies":"Centurion and Healer","floor":28,"turns":4},{"damage":0,"enemies":"Automaton","floor":33,"turns":7},{"damage":0,"enemies":"3 Shapes","floor":35,"turns":1},{"damage":0,"enemies":"Orb Walker","floor":38,"turns":2},{"damage":33,"enemies":"Reptomancer","floor":42,"turns":4},{"damage":0,"enemies":"3 Darklings","floor":48,"turns":1},{"damage":34,"enemies":"Awakened One","floor":50,"turns":8}],"seed_played":"4273551336653454728","potions_obtained":[{"floor":3,"key":"DuplicationPotion"},{"floor":5,"key":"PotionOfCapacity"},{"floor":6,"key":"Weak Potion"},{"floor":27,"key":"SneckoOil"},{"floor":38,"key":"EssenceOfSteel"},{"floor":42,"key":"Weak Potion"}],"is_trial":false,"path_per_floor":["M","$","M","?","M","E","$","M","T","M","R","E","R","?","R","B",null,"M","M","?","?","$","R","M","R","T","M","M","?","R","?","R","B",null,"M","?","$","M","$","R","?","E","T","?","$","R","T","M","R","B",null],"character_chosen":"DEFECT","items_purchased":["Capacitor","Ball Lightning","DataDisk","Capacitor"],"campfire_rested":2,"item_purchase_floors":[2,2,37,45],"current_hp_per_floor":[57,57,56,56,56,42,42,42,42,41,41,37,37,11,32,21,59,48,48,48,48,48,48,38,38,38,31,31,31,40,40,49,49,66,66,66,66,66,66,71,71,38,38,38,38,47,47,47,71,37],"gold":50,"neow_bonus":"TWO_FIFTY_GOLD","is_prod":false,"is_daily":false,"chose_seed":false,"campfire_upgraded":8,"win_rate":0,"timestamp":1694067676,"path_taken":["M","$","M","?","?","E","$","M","T","M","R","E","R","?","R","BOSS","M","M","?","?","$","R","M","R","T","M","?","?","R","?","R","BOSS","M","?","?","M","$","R","?","E","T","?","$","R","?","M","R","BOSS"],"build_version":"2022-12-18","purchased_purges":3,"victory":true,"max_hp_per_floor":[71,71,71,71,71,71,71,71,71,71,71,71,71,71,71,71,71,71,71,71,71,71,71,71,71,71,71,71,71,71,71,71,71,71,71,71,71,71,71,71,71,71,71,71,71,71,71,71,71,71],"card_choices":[{"not_picked":["Streamline","Hello World"],"picked":"Defragment","floor":1},{"not_picked":["Melter","Fusion"],"picked":"Genetic Algorithm","floor":3},{"not_picked":["BootSequence","Leap"],"picked":"Glacier","floor":5},{"not_picked":["Compile Driver","Rebound","Cold Snap"],"picked":"SKIP","floor":6},{"not_picked":["Hologram","Coolheaded","Sweeping Beam"],"picked":"SKIP","floor":8},{"not_picked":["Go for the Eyes","Beam Cell","Barrage"],"picked":"SKIP","floor":10},{"not_picked":["Go for the Eyes","Beam Cell"],"picked":"Loop","floor":12},{"not_picked":["Core Surge","Machine Learning"],"picked":"Electrodynamics","floor":16},{"not_picked":["Streamline"],"picked":"SKIP","floor":18},{"not_picked":["Conserve Battery+1"],"picked":"SKIP","floor":19},{"not_picked":["Ball Lightning"],"picked":"SKIP","floor":24},{"not_picked":[],"picked":"FTL","floor":27},{"not_picked":["Go for the Eyes"],"picked":"SKIP","floor":28},{"not_picked":[],"picked":"Amplify","floor":33},{"not_picked":["Streamline"],"picked":"SKIP","floor":35},{"not_picked":[],"picked":"Consume","floor":38},{"not_picked":["Rebound+1"],"picked":"SKIP","floor":42},{"not_picked":["Streamline"],"picked":"SKIP","floor":48}],"player_experience":501669,"relics_obtained":[{"floor":6,"key":"Nunchaku"},{"floor":9,"key":"Potion Belt"},{"floor":12,"key":"Bronze Scales"},{"floor":26,"key":"Eternal Feather"},{"floor":42,"key":"CeramicFish"},{"floor":43,"key":"Akabeko"},{"floor":47,"key":"Bag of Marbles"}],"event_choices":[{"damage_healed":0,"gold_gain":0,"cards_transformed":["Strike_B"],"player_choice":"Transformed","damage_taken":0,"max_hp_gain":0,"max_hp_loss":0,"event_name":"Transmorgrifier","floor":4,"gold_loss":0,"cards_obtained":["Glacier"]},{"damage_healed":0,"gold_gain":0,"player_choice":"Success","damage_taken":26,"relics_obtained":["Bag of Preparation"],"max_hp_gain":0,"max_hp_loss":0,"event_name":"Scrap Ooze","floor":14,"gold_loss":0},{"damage_healed":0,"gold_gain":0,"cards_transformed":["Strike_B","Strike_B"],"player_choice":"Became Test Subject","damage_taken":0,"max_hp_gain":0,"max_hp_loss":0,"event_name":"Drug Dealer","floor":20,"gold_loss":0,"cards_obtained":["Amplify","Compile Driver"]},{"damage_healed":0,"gold_gain":0,"player_choice":"Forge","damage_taken":0,"max_hp_gain":0,"max_hp_loss":0,"event_name":"Accursed Blacksmith","floor":21,"gold_loss":0,"cards_upgraded":["Amplify"]},{"damage_healed":0,"gold_gain":0,"player_choice":"Obtained Relic","damage_taken":0,"relics_obtained":["Oddly Smooth Stone"],"max_hp_gain":0,"max_hp_loss":0,"event_name":"Addict","floor":29,"gold_loss":85},{"damage_healed":0,"gold_gain":0,"player_choice":"Ignored","damage_taken":0,"max_hp_gain":0,"max_hp_loss":0,"event_name":"Vampires","floor":31,"gold_loss":0},{"damage_healed":0,"gold_gain":0,"player_choice":"Ignored","damage_taken":0,"max_hp_gain":0,"max_hp_loss":0,"event_name":"SecretPortal","floor":36,"gold_loss":0},{"damage_healed":0,"gold_gain":0,"player_choice":"Memory 1","damage_taken":0,"max_hp_gain":0,"max_hp_loss":0,"event_name":"SensoryStone","floor":41,"gold_loss":0},{"cards_removed":["Defend_B"],"damage_healed":0,"gold_gain":0,"player_choice":"Removed Skill","damage_taken":0,"max_hp_gain":0,"max_hp_loss":0,"event_name":"Falling","floor":44,"gold_loss":0}],"is_beta":false,"boss_relics":[{"not_picked":["Snecko Eye","Runic Pyramid"],"picked":"Busted Crown"},{"not_picked":["Astrolabe","Fusion Hammer"],"picked":"Runic Dome"}],"items_purged_floors":[2,7,22],"is_endless":false,"potions_floor_spawned":[3,5,6,8,27,38,42],"ascension_level":16}