{"gold_per_floor":[119,79,99,111,36,36,65,75,75,75,75,75,100,115,115,191,191,209,209,224,235,251,251,166,166,166,66,84,84,104,124,124,124],"floor_reached":33,"playtime":1085,"items_purged":["Strike_B","Strike_B"],"score":466,"play_id":"c743894c-79b1-46cb-b026-4d6dc3ee5ba7","local_time":"20230906225648","is_ascension_mode":true,"campfire_choices":[{"floor":6,"key":"REST"},{"data":"The Bomb","floor":11,"key":"SMITH"},{"floor":15,"key":"REST"},{"data":"Capacitor","floor":23,"key":"SMITH"},{"data":"Zap","floor":25,"key":"SMITH"},{"floor":29,"key":"REST"},{"floor":32,"key":"REST"}],"neow_cost":"PERCENT_DAMAGE","seed_source_timestamp":2496434134283100,"circlet_count":0,"master_deck":["AscendersBane","Strike_B","Strike_B","Defend_B","Defend_B","Defend_B","Defend_B","Zap+1","Dualcast","The Bomb+1","Cold Snap","Tempest","Capacitor+1","Reinforced Body","Auto Shields","Melter","Glacier","Core Surge","Electrodynamics","Ball Lightning","Loop","Go for the Eyes","Go for the Eyes"],"relics":["Cracked Core","Potion Belt","Darkstone Periapt","Prayer Wheel","Velvet Choker","Torii","Bottled Lightning"],"potions_floor_usage":[13,16,28,33,33,33],"damage_taken":[{"damage":1,"enemies":"2 Louse","floor":1,"turns":3},{"damage":9,"enemies":"Cultist","floor":3,"turns":4},{"damage":0,"enemies":"Small Slimes","floor":4,"turns":3},{"damage":21,"enemies":"Lagavulin","floor":7,"turns":7},{"damage":1,"enemies":"Looter","floor":8,"turns":4},{"damage":8,"enemies":"3 Sentries","floor":13,"turns":5},{"damage":0,"enemies":"Exordium Wildlife","floor":14,"turns":6},{"damage":36,"enemies":"Hexaghost","floor":16,"turns":10},{"damage":8,"enemies":"Spheric Guardian","floor":18,"turns":4},{"damage":0,"enemies":"Chosen","floor":20,"turns":4},{"damage":22,"enemies":"Shelled Parasite and Fungi","floor":21,"turns":5},{"damage":0,"enemies":"Snecko","floor":22,"turns":4},{"damage":8,"enemies":"Snake Plant","floor":28,"turns":4},{"damage":12,"enemies":"Shelled Parasite and Fungi","floor":30,"turns":3},{"damage":6,"enemies":"Cultist and Chosen","floor":31,"turns":3},{"damage":79,"enemies":"Champ","floor":33,"turns":13}],"seed_played":"-6123543470949584024","potions_obtained":[{"floor":2,"key":"EssenceOfDarkness"},{"floor":2,"key":"LiquidBronze"},{"floor":4,"key":"FairyPotion"},{"floor":8,"key":"Block Potion"},{"floor":16,"key":"FearPotion"},{"floor":18,"key":"Swift Potion"},{"floor":22,"key":"Weak Potion"},{"floor":31,"key":"Energy Potion"}],"is_trial":false,"path_per_floor":["M","?","M","M","$","R","E","M","T","?","R","$","E","M","R","B",null,"M","?","M","M","M","R","?","R","T","$","M","R","M","M","R","B"],"character_chosen":"DEFECT","items_purchased":[],"campfire_rested":4,"item_purchase_floors":[],"current_hp_per_floor":[45,45,36,36,36,57,36,35,35,35,35,35,27,27,48,12,56,48,48,48,26,26,26,26,26,26,26,18,39,27,21,42,0],"gold":124,"neow_bonus":"RANDOM_COLORLESS_2","is_prod":false,"is_daily":false,"chose_seed":false,"campfire_upgraded":3,"win_rate":0,"timestamp":1694066208,"path_taken":["M","?","M","M","?","R","E","M","T","?","R","$","E","?","R","BOSS","M","?","M","M","M","R","?","R","T","?","M","R","M","?","R","BOSS"],"build_version":"2022-12-18","purchased_purges":2,"victory":false,"max_hp_per_floor":[71,71,71,71,71,71,71,71,71,71,71,71,71,71,71,71,71,71,71,71,71,71,71,71,71,71,71,71,71,71,71,71,71],"card_choices":[{"not_picked":["Mayhem","Metamorphosis"],"picked":"The Bomb","floor":0},{"not_picked":["Sweeping Beam","Recycle"],"picked":"Cold Snap","floor":1},{"not_picked":["Gash","Barrage"],"picked":"Tempest","floor":3},{"not_picked":["Conserve Battery","Gash"],"picked":"Capacitor","floor":4},{"not_picked":["Streamline","Amplify"],"picked":"Reinforced Body","floor":7},{"not_picked":["Barrage","Go for the Eyes"],"picked":"Auto Shields","floor":8},{"not_picked":["Force Field","Leap"],"picked":"Glacier","floor":13},{"not_picked":["Beam Cell","Hologram"],"picked":"Core Surge","floor":14},{"not_picked":["Scrape","Darkness","Compile Driver"],"picked":"SKIP","floor":14},{"not_picked":["Reboot","Fission"],"picked":"Electrodynamics","floor":16},{"not_picked":["Barrage+1","Streamline"],"picked":"Ball Lightning","floor":18},{"not_picked":["Rip and Tear","Beam Cell","White Noise"],"picked":"SKIP","floor":18},{"not_picked":["Coolheaded","Leap","Aggregate"],"picked":"SKIP","floor":20},{"not_picked":["Barrage","Coolheaded","FTL"],"picked":"SKIP","floor":20},{"not_picked":["Steam","Auto Shields"],"picked":"Loop","floor":21},{"not_picked":["Genetic Algorithm","Aggregate","Sweeping Beam"],"picked":"SKIP","floor":21},{"not_picked":["Conserve Battery","Melter","Go for the Eyes"],"picked":"SKIP","floor":22},{"not_picked":["Storm","Go for the Eyes","Turbo"],"picked":"SKIP","floor":22},{"not_picked":["Barrage","Recycle","Streamline"],"picked":"SKIP","floor":28},{"not_picked":["Buffer","Auto Shields","Streamline"],"picked":"SKIP","floor":28},{"not_picked":["Sweeping Beam","Darkness"],"picked":"Go for the Eyes","floor":30},{"not_picked":["Force Field","Recycle"],"picked":"Go for the Eyes","floor":30},{"not_picked":["Hyperbeam","Barrage+1","Hologram"],"picked":"SKIP","floor":31},{"not_picked":["Aggregate","Gash+1","Sunder+1"],"picked":"SKIP","floor":31}],"player_experience":500584,"relics_obtained":[{"floor":7,"key":"Potion Belt"},{"floor":9,"key":"Darkstone Periapt"},{"floor":13,"key":"Prayer Wheel"},{"floor":26,"key":"Bottled Lightning"}],"event_choices":[{"damage_healed":0,"gold_gain":0,"player_choice":"Bought 3 Potions","damage_taken":0,"max_hp_gain":0,"max_hp_loss":0,"event_name":"The Woman in Blue","floor":2,"gold_loss":0},{"damage_healed":0,"gold_gain":0,"player_choice":"1 cards matched","damage_taken":0,"max_hp_gain":0,"max_hp_loss":0,"event_name":"Match and Keep!","floor":10,"gold_loss":0,"cards_obtained":["Melter"]},{"damage_healed":0,"gold_gain":0,"player_choice":"Ignored","damage_taken":0,"max_hp_gain":0,"max_hp_loss":0,"event_name":"Ghosts","floor":19,"gold_loss":0},{"damage_healed":0,"gold_gain":0,"player_choice":"Obtained Relic","damage_taken":0,"relics_obtained":["Torii"],"max_hp_gain":0,"max_hp_loss":0,"event_name":"Addict","floor":24,"gold_loss":85}],"is_beta":false,"boss_relics":[{"not_picked":["Sozu","Empty Cage"],"picked":"Velvet Choker"}],"items_purged_floors":[5,27],"is_endless":false,"potions_floor_spawned":[4,8,16,18,22,31],"killed_by":"Champ","ascension_level":16}