{"gold_per_floor":[116,30,41,41,41,75,75,114,141,162,196,196,196,214,214,297,297,310,76,0,24,36,36,54,54,54,54],"floor_reached":27,"playtime":813,"items_purged":["Strike_B"],"score":506,"play_id":"e4a682a9-437c-485c-9c66-e013865022d7","local_time":"20230906223833","is_ascension_mode":true,"campfire_choices":[{"data":"Darkness","floor":7,"key":"SMITH"},{"data":"Defragment","floor":13,"key":"SMITH"},{"data":"Loop","floor":15,"key":"SMITH"},{"floor":23,"key":"REST"},{"floor":25,"key":"REST"}],"neow_cost":"NONE","seed_source_timestamp":2495610528136200,"circlet_count":0,"master_deck":["AscendersBane","Strike_B","Strike_B","Defend_B","Defend_B","Defend_B","Defend_B","Zap","Dualcast","Darkness+1","Loop+1","Conserve Battery","Coolheaded","Consume","Defragment+1","Seek","Defragment","Coolheaded"],"relics":["Cracked Core","NeowsBlessing","PreservedInsect","CeramicFish","Toy Ornithopter","Pantograph","StrikeDummy","Velvet Choker","Membership Card","Matryoshka"],"potions_floor_usage":[8,11,14,27],"damage_taken":[{"damage":0,"enemies":"Cultist","floor":1,"turns":1},{"damage":0,"enemies":"2 Louse","floor":3,"turns":1},{"damage":0,"enemies":"Lagavulin","floor":6,"turns":1},{"damage":15,"enemies":"3 Sentries","floor":8,"turns":6},{"damage":5,"enemies":"Jaw Worm","floor":10,"turns":4},{"damage":8,"enemies":"Lagavulin","floor":11,"turns":5},{"damage":9,"enemies":"3 Louse","floor":14,"turns":3},{"damage":28,"enemies":"The Guardian","floor":16,"turns":8},{"damage":27,"enemies":"3 Byrds","floor":18,"turns":7},{"damage":8,"enemies":"Spheric Guardian","floor":21,"turns":4},{"damage":25,"enemies":"Centurion and Healer","floor":22,"turns":7},{"damage":18,"enemies":"3 Cultists","floor":24,"turns":7},{"damage":41,"enemies":"Slavers","floor":27,"turns":3}],"seed_played":"1573484541887463340","potions_obtained":[{"floor":1,"key":"Swift Potion"},{"floor":8,"key":"Swift Potion"},{"floor":11,"key":"Swift Potion"},{"floor":18,"key":"LiquidBronze"}],"is_trial":false,"path_per_floor":["M","$","M","$","?","E","R","E","T","M","E","?","R","M","R","B",null,"M","$","?","M","M","R","M","R","T","E"],"character_chosen":"DEFECT","items_purchased":["Loop","Membership Card","Defragment"],"campfire_rested":2,"item_purchase_floors":[2,19,19],"current_hp_per_floor":[64,64,64,64,64,64,64,49,49,44,41,41,41,37,37,34,62,35,35,35,27,2,23,5,26,26,0],"gold":54,"neow_bonus":"THREE_ENEMY_KILL","is_prod":false,"is_daily":false,"chose_seed":false,"campfire_upgraded":3,"win_rate":0,"timestamp":1694065113,"path_taken":["M","?","M","$","?","E","R","E","T","M","E","?","R","M","R","BOSS","M","$","?","M","M","R","M","R","T","E"],"build_version":"2022-12-18","purchased_purges":1,"victory":false,"max_hp_per_floor":[71,71,71,71,71,71,71,71,71,71,71,71,71,71,71,71,71,71,71,71,71,71,71,71,71,71,71],"card_choices":[{"not_picked":["Fusion","BootSequence"],"picked":"Darkness","floor":1},{"not_picked":["Hologram","Scrape","Compile Driver"],"picked":"SKIP","floor":3},{"not_picked":["Hologram","Scrape","Compile Driver"],"picked":"SKIP","floor":3},{"not_picked":["Skim","Rebound"],"picked":"Conserve Battery","floor":6},{"not_picked":["Steam Power","Leap"],"picked":"Coolheaded","floor":8},{"not_picked":["Force Field","Conserve Battery"],"picked":"Consume","floor":10},{"not_picked":["Turbo","Consume"],"picked":"Defragment","floor":11},{"not_picked":["Hologram","Doom and Gloom","Skim"],"picked":"SKIP","floor":14},{"not_picked":["Creative AI","Meteor Strike"],"picked":"Seek","floor":16},{"not_picked":["Steam","Fusion","Go for the Eyes"],"picked":"SKIP","floor":18},{"not_picked":["Conserve Battery+1","Streamline"],"picked":"Coolheaded","floor":21},{"not_picked":["Stack+1","Hologram","Sweeping Beam"],"picked":"SKIP","floor":22},{"not_picked":["Echo Form","Conserve Battery","Ball Lightning"],"picked":"SKIP","floor":24}],"player_experience":499771,"relics_obtained":[{"floor":6,"key":"PreservedInsect"},{"floor":8,"key":"CeramicFish"},{"floor":9,"key":"Toy Ornithopter"},{"floor":11,"key":"Pantograph"},{"floor":26,"key":"Matryoshka"}],"event_choices":[{"cards_removed":["Strike_B"],"damage_healed":0,"gold_gain":0,"player_choice":"Forget","damage_taken":0,"max_hp_gain":0,"max_hp_loss":0,"event_name":"Living Wall","floor":5,"gold_loss":0},{"damage_healed":0,"gold_gain":0,"player_choice":"Searched \u00271\u0027 times","damage_taken":0,"relics_obtained":["StrikeDummy"],"max_hp_gain":0,"max_hp_loss":0,"event_name":"Dead Adventurer","floor":12,"gold_loss":0},{"damage_healed":0,"gold_gain":0,"player_choice":"Paid Fearfully","damage_taken":0,"max_hp_gain":0,"max_hp_loss":0,"event_name":"Masked Bandits","floor":20,"gold_loss":76}],"is_beta":false,"boss_relics":[{"not_picked":["Nuclear Battery","SacredBark"],"picked":"Velvet Choker"}],"items_purged_floors":[19],"is_endless":false,"potions_floor_spawned":[1,8,11,18],"killed_by":"Slavers","ascension_level":16}