{"gold_per_floor":[118,118,131,145,163,198,5,5,5,5,47,74,74],"floor_reached":13,"playtime":381,"items_purged":[],"score":190,"play_id":"c8e3fcd0-8aa3-4753-a0d6-3f19e6da56c6","local_time":"20230917211146","is_ascension_mode":true,"campfire_choices":[{"data":"HandOfGreed","floor":8,"key":"SMITH"},{"floor":10,"key":"REST"}],"neow_cost":"TEN_PERCENT_HP_LOSS","seed_source_timestamp":65398108765600,"circlet_count":0,"master_deck":["AscendersBane","Strike_B","Strike_B","Strike_B","Strike_B","Defend_B","Defend_B","Defend_B","Defend_B","Zap","Dualcast","Rainbow","Coolheaded","Core Surge","Cold Snap","Streamline","Compile Driver","Recycle","HandOfGreed+1","Defragment"],"relics":["Cracked Core","WingedGreaves","Gremlin Horn","Bottled Lightning"],"potions_floor_usage":[12],"damage_taken":[{"damage":11,"enemies":"Small Slimes","floor":1,"turns":3},{"damage":0,"enemies":"Cultist","floor":3,"turns":3},{"damage":7,"enemies":"2 Louse","floor":4,"turns":2},{"damage":11,"enemies":"Looter","floor":5,"turns":3},{"damage":24,"enemies":"3 Sentries","floor":6,"turns":9},{"damage":0,"enemies":"Exordium Wildlife","floor":11,"turns":3},{"damage":27,"enemies":"Gremlin Nob","floor":12,"turns":4},{"damage":17,"enemies":"Red Slaver","floor":13,"turns":3}],"seed_played":"-6722880330463265927","potions_obtained":[{"floor":4,"key":"LiquidMemories"},{"floor":6,"key":"EssenceOfSteel"},{"floor":12,"key":"LiquidBronze"}],"is_trial":false,"path_per_floor":["M","?","M","M","M","E","$","R","T","R","M","E","M"],"character_chosen":"DEFECT","items_purchased":["HandOfGreed"],"campfire_rested":1,"item_purchase_floors":[7],"current_hp_per_floor":[53,53,53,46,35,11,11,11,11,30,30,3,0],"gold":74,"neow_bonus":"THREE_RARE_CARDS","is_prod":false,"is_daily":false,"chose_seed":false,"campfire_upgraded":1,"win_rate":0,"timestamp":1695010306,"path_taken":["M","?","M","?","M","E","$","R","T","R","M","E","?"],"build_version":"2022-12-18","purchased_purges":0,"victory":false,"max_hp_per_floor":[64,64,64,64,64,64,64,64,64,64,64,64,64],"card_choices":[{"not_picked":["Amplify","Meteor Strike"],"picked":"Rainbow","floor":0},{"not_picked":["Blizzard","Beam Cell"],"picked":"Coolheaded","floor":1},{"not_picked":["Steam","Static Discharge"],"picked":"Cold Snap","floor":3},{"not_picked":["Recycle","Gash"],"picked":"Streamline","floor":4},{"not_picked":["Streamline","Stack"],"picked":"Compile Driver","floor":5},{"not_picked":["Amplify","Steam"],"picked":"Recycle","floor":6},{"not_picked":["Darkness","Steam"],"picked":"Defragment","floor":11},{"not_picked":["Steam","Blizzard","Redo"],"picked":"SKIP","floor":12}],"player_experience":624902,"relics_obtained":[{"floor":6,"key":"WingedGreaves"},{"floor":9,"key":"Gremlin Horn"},{"floor":12,"key":"Bottled Lightning"}],"event_choices":[{"damage_healed":0,"gold_gain":0,"player_choice":"1 cards matched","damage_taken":0,"max_hp_gain":0,"max_hp_loss":0,"event_name":"Match and Keep!","floor":2,"gold_loss":0,"cards_obtained":["Core Surge"]}],"is_beta":false,"boss_relics":[],"items_purged_floors":[],"is_endless":false,"potions_floor_spawned":[4,6,11,12],"killed_by":"Red Slaver","ascension_level":20}