{"gold_per_floor":[110,130,130,147,32,32,50,50,75,101,101,101,142,161,161,260,260,284,303,303],"floor_reached":20,"playtime":618,"items_purged":[],"score":468,"play_id":"8ba59844-485c-46fa-87e5-35e7d655a3c3","local_time":"20230917210514","is_ascension_mode":true,"campfire_choices":[{"data":"Lockon","floor":6,"key":"SMITH"},{"data":"Loop","floor":8,"key":"SMITH"},{"data":"Reboot","floor":15,"key":"SMITH"}],"neow_cost":"TEN_PERCENT_HP_LOSS","seed_source_timestamp":64769388820500,"circlet_count":0,"master_deck":["AscendersBane","Strike_B","Strike_B","Defend_B","Defend_B","Defend_B","Defend_B","Zap","Dualcast","Loop+1","Leap","Reboot+1","Cold Snap","Lockon+1","Cold Snap","Go for the Eyes","Electrodynamics+1","Double Energy","Ball Lightning+1","Steam+1"],"relics":["Cracked Core","Tiny Chest","Art of War","Golden Idol","Frozen Egg 2","Philosopher\u0027s Stone"],"potions_floor_usage":[13,16,16,20,20],"damage_taken":[{"damage":7,"enemies":"Small Slimes","floor":1,"turns":4},{"damage":0,"enemies":"2 Louse","floor":2,"turns":3},{"damage":0,"enemies":"Jaw Worm","floor":4,"turns":4},{"damage":6,"enemies":"Looter","floor":7,"turns":3},{"damage":24,"enemies":"Lagavulin","floor":10,"turns":8},{"damage":4,"enemies":"Gremlin Nob","floor":13,"turns":3},{"damage":14,"enemies":"Lots of Slimes","floor":14,"turns":3},{"damage":0,"enemies":"The Guardian","floor":16,"turns":9},{"damage":30,"enemies":"2 Thieves","floor":18,"turns":4},{"damage":12,"enemies":"3 Byrds","floor":19,"turns":2},{"damage":13,"enemies":"Shelled Parasite and Fungi","floor":20,"turns":1}],"seed_played":"-3630915466530858880","potions_obtained":[{"floor":1,"key":"BlessingOfTheForge"},{"floor":4,"key":"Strength Potion"},{"floor":14,"key":"FocusPotion"},{"floor":16,"key":"Weak Potion"},{"floor":19,"key":"BlessingOfTheForge"}],"is_trial":false,"path_per_floor":["M","M","?","M","$","R","M","R","T","E","?","?","E","M","R","B",null,"M","M","M"],"character_chosen":"DEFECT","items_purchased":["Cold Snap","Lockon"],"campfire_rested":0,"item_purchase_floors":[5,5],"current_hp_per_floor":[57,57,62,62,62,62,56,56,56,32,32,32,28,14,14,14,51,21,9,0],"gold":303,"neow_bonus":"REMOVE_TWO","is_prod":false,"is_daily":false,"chose_seed":false,"campfire_upgraded":3,"win_rate":0,"timestamp":1695009914,"path_taken":["M","M","?","M","$","R","M","R","T","E","?","?","E","M","R","BOSS","M","M","M"],"build_version":"2022-12-18","purchased_purges":0,"victory":false,"max_hp_per_floor":[64,64,69,69,69,69,69,69,69,69,69,63,63,63,63,63,63,63,63,63],"card_choices":[{"not_picked":["Capacitor","White Noise"],"picked":"Loop","floor":1},{"not_picked":["Stack","Barrage"],"picked":"Leap","floor":2},{"not_picked":["Beam Cell","Hologram"],"picked":"Reboot","floor":4},{"not_picked":["Lockon","Go for the Eyes"],"picked":"Cold Snap","floor":7},{"not_picked":["Turbo","Gash"],"picked":"Go for the Eyes","floor":10},{"not_picked":["Cold Snap","Steam"],"picked":"Electrodynamics+1","floor":13},{"not_picked":["Reprogram","Blizzard"],"picked":"Double Energy","floor":14},{"not_picked":["Blizzard+1","Fusion+1"],"picked":"Ball Lightning+1","floor":18},{"not_picked":["Storm+1","Ball Lightning"],"picked":"Steam+1","floor":19}],"player_experience":624284,"relics_obtained":[{"floor":9,"key":"Tiny Chest"},{"floor":10,"key":"Art of War"},{"floor":13,"key":"Frozen Egg 2"}],"event_choices":[{"damage_healed":0,"gold_gain":0,"player_choice":"Donut","damage_taken":0,"max_hp_gain":5,"max_hp_loss":0,"event_name":"Big Fish","floor":3,"gold_loss":0},{"damage_healed":0,"gold_gain":0,"player_choice":"Ignored","damage_taken":0,"max_hp_gain":0,"max_hp_loss":0,"event_name":"Liars Game","floor":11,"gold_loss":0},{"damage_healed":0,"gold_gain":0,"player_choice":"Lose Max HP","damage_taken":0,"relics_obtained":["Golden Idol"],"max_hp_gain":0,"max_hp_loss":6,"event_name":"Golden Idol","floor":12,"gold_loss":0}],"is_beta":false,"boss_relics":[{"not_picked":["Busted Crown","Sozu"],"picked":"Philosopher\u0027s Stone"}],"items_purged_floors":[],"is_endless":false,"potions_floor_spawned":[1,4,14,16,19],"killed_by":"Shelled Parasite and Fungi","ascension_level":20}