{"gold_per_floor":[210,160,180,191,209,209,240,240,240,240,272,287,80,107,107,205,205,217,217,228,242,60,60,79,79,79,97,20,53,53,63,63,167,167,183,233,233,253,263,288,288,322,322,348,361,361,375,410,410,410],"floor_reached":50,"playtime":2862,"items_purged":["Hello World"],"score":752,"play_id":"e99bac0a-62d0-4217-921d-b5396dcd3cd9","local_time":"20230919234823","is_ascension_mode":true,"campfire_choices":[{"data":"Dualcast","floor":6,"key":"SMITH"},{"data":"Zap","floor":8,"key":"SMITH"},{"data":"Compile Driver","floor":10,"key":"SMITH"},{"data":"Beam Cell","floor":15,"key":"SMITH"},{"data":"Apotheosis","floor":23,"key":"SMITH"},{"data":"Sunder","floor":25,"key":"SMITH"},{"data":"Capacitor","floor":30,"key":"SMITH"},{"data":"Consume","floor":32,"key":"SMITH"},{"data":"Coolheaded","floor":41,"key":"SMITH"},{"floor":49,"key":"RECALL"}],"neow_cost":"NONE","seed_source_timestamp":245118583165500,"circlet_count":0,"master_deck":["Strike_B","Strike_B","Defend_B","Defend_B","Defend_B","Defend_B","Zap+1","Dualcast+1","Coolheaded+1","Leap","Auto Shields","Compile Driver+1","Go for the Eyes","Self Repair","Sunder+1","Beam Cell+1","Electrodynamics","Conserve Battery","Aggregate","Hologram+1","Apotheosis+1","Rebound+1","Capacitor","Capacitor+1","Consume+1","Echo Form","Static Discharge+1","White Noise","Undo","Compile Driver","Barrage+1","Coolheaded+1","Consume","Machine Learning"],"relics":["FrozenCore","StrikeDummy","Eternal Feather","Darkstone Periapt","PreservedInsect","Lantern","Philosopher\u0027s Stone","Turnip","Art of War","Oddly Smooth Stone","Question Card","Kunai","Juzu Bracelet"],"potions_floor_usage":[11,14,50,50],"damage_taken":[{"damage":5,"enemies":"2 Louse","floor":1,"turns":3},{"damage":4,"enemies":"Small Slimes","floor":3,"turns":3},{"damage":0,"enemies":"Cultist","floor":4,"turns":4},{"damage":29,"enemies":"Gremlin Gang","floor":5,"turns":7},{"damage":3,"enemies":"Lagavulin","floor":7,"turns":11},{"damage":8,"enemies":"Gremlin Nob","floor":11,"turns":4},{"damage":1,"enemies":"Lots of Slimes","floor":12,"turns":4},{"damage":0,"enemies":"3 Sentries","floor":14,"turns":5},{"damage":36,"enemies":"Hexaghost","floor":16,"turns":10},{"damage":13,"enemies":"Chosen","floor":18,"turns":7},{"damage":5,"enemies":"Shell Parasite","floor":20,"turns":6},{"damage":62,"enemies":"Cultist and Chosen","floor":21,"turns":9},{"damage":21,"enemies":"Chosen and Byrds","floor":24,"turns":6},{"damage":0,"enemies":"Centurion and Healer","floor":27,"turns":5},{"damage":6,"enemies":"Gremlin Leader","floor":29,"turns":4},{"damage":23,"enemies":"Snake Plant","floor":31,"turns":5},{"damage":16,"enemies":"Champ","floor":33,"turns":17},{"damage":30,"enemies":"3 Darklings","floor":35,"turns":6},{"damage":0,"enemies":"Mind Bloom Boss Battle","floor":36,"turns":9},{"damage":7,"enemies":"Orb Walker","floor":38,"turns":7},{"damage":8,"enemies":"3 Darklings","floor":39,"turns":3},{"damage":17,"enemies":"Nemesis","floor":40,"turns":11},{"damage":30,"enemies":"Giant Head","floor":42,"turns":8},{"damage":46,"enemies":"Reptomancer","floor":44,"turns":6},{"damage":11,"enemies":"Maw","floor":45,"turns":9},{"damage":28,"enemies":"Transient","floor":47,"turns":5},{"damage":2,"enemies":"Giant Head","floor":48,"turns":10},{"damage":48,"enemies":"Donu and Deca","floor":50,"turns":4}],"seed_played":"-1405588280091028419","potions_obtained":[{"floor":5,"key":"FearPotion"},{"floor":12,"key":"AttackPotion"},{"floor":14,"key":"FocusPotion"},{"floor":24,"key":"Block Potion"},{"floor":29,"key":"Dexterity Potion"},{"floor":31,"key":"FairyPotion"},{"floor":47,"key":"GamblersBrew"}],"is_trial":false,"path_per_floor":["M","?","M","M","M","R","E","R","T","R","E","M","$","E","R","B",null,"M","?","M","M","$","R","M","R","T","M","$","E","R","M","R","B",null,"M","?","?","M","M","E","R","E","T","E","M","?","M","E","R","B"],"character_chosen":"DEFECT","items_purchased":["Sunder","Beam Cell","Apotheosis","Capacitor"],"campfire_rested":0,"item_purchase_floors":[13,13,22,28],"current_hp_per_floor":[70,70,66,66,37,37,34,34,34,34,26,25,25,32,41,12,75,69,69,71,16,16,28,7,19,19,29,29,33,48,35,50,44,75,45,55,55,58,60,53,71,61,61,25,21,21,21,29,47,0],"gold":410,"neow_bonus":"HUNDRED_GOLD","is_prod":false,"is_daily":false,"chose_seed":false,"campfire_upgraded":9,"win_rate":0,"timestamp":1695192503,"path_taken":["M","?","M","M","M","R","E","R","T","R","E","M","$","E","R","BOSS","M","?","?","?","$","R","M","R","T","M","?","E","R","M","R","BOSS","M","?","?","M","M","E","R","E","T","E","M","?","?","E","R","BOSS"],"build_version":"2022-12-18","purchased_purges":1,"victory":false,"max_hp_per_floor":[75,75,75,75,75,75,75,75,75,75,75,75,75,75,75,75,75,75,75,75,75,75,75,75,75,75,75,75,75,75,75,75,75,75,75,75,71,71,71,71,71,71,71,71,71,71,71,71,71,71],"card_choices":[{"not_picked":["Beam Cell","Turbo"],"picked":"Coolheaded","floor":1},{"not_picked":["Rebound","Darkness"],"picked":"Hello World","floor":3},{"not_picked":["Creative AI","Turbo"],"picked":"Leap","floor":4},{"not_picked":["Turbo","Reprogram"],"picked":"Auto Shields","floor":5},{"not_picked":["Reboot","Meteor Strike"],"picked":"Compile Driver","floor":7},{"not_picked":["Steam Power","Hello World"],"picked":"Go for the Eyes","floor":11},{"not_picked":["Undo","BootSequence"],"picked":"Self Repair","floor":12},{"not_picked":["Stack","Force Field","BootSequence"],"picked":"SKIP","floor":14},{"not_picked":["Core Surge","Echo Form"],"picked":"Electrodynamics","floor":16},{"not_picked":["Beam Cell","Cold Snap"],"picked":"Conserve Battery","floor":18},{"not_picked":["Barrage","Gash"],"picked":"Aggregate","floor":20},{"not_picked":["Undo","Melter"],"picked":"Hologram+1","floor":21},{"not_picked":["Streamline","Leap+1"],"picked":"Rebound+1","floor":24},{"not_picked":["Stack","Gash","Sweeping Beam"],"picked":"SKIP","floor":27},{"not_picked":["Melter","Compile Driver"],"picked":"Capacitor","floor":29},{"not_picked":["Scrape+1","Stack"],"picked":"Consume","floor":31},{"not_picked":["Electrodynamics","Multi-Cast"],"picked":"Echo Form","floor":33},{"not_picked":["Compile Driver","Hologram"],"picked":"Static Discharge+1","floor":35},{"not_picked":["Streamline","Go for the Eyes"],"picked":"White Noise","floor":36},{"not_picked":["Beam Cell","Steam Power"],"picked":"Undo","floor":38},{"not_picked":["Recycle","Go for the Eyes+1","Cold Snap+1"],"picked":"SKIP","floor":39},{"not_picked":["Scrape+1","BootSequence"],"picked":"Compile Driver","floor":40},{"not_picked":["Compile Driver","Loop+1"],"picked":"Barrage+1","floor":42},{"not_picked":["Leap","Rainbow","Go for the Eyes","Hologram+1"],"picked":"SKIP","floor":44},{"not_picked":["Leap+1","Conserve Battery","Capacitor+1"],"picked":"Coolheaded+1","floor":45},{"not_picked":["Aggregate+1","Hologram+1","Core Surge","Recycle"],"picked":"SKIP","floor":47},{"not_picked":["Buffer","Lockon","Doom and Gloom+1"],"picked":"Machine Learning","floor":48}],"player_experience":675923,"relics_obtained":[{"floor":7,"key":"StrikeDummy"},{"floor":11,"key":"Eternal Feather"},{"floor":14,"key":"Darkstone Periapt"},{"floor":26,"key":"PreservedInsect"},{"floor":29,"key":"Lantern"},{"floor":36,"key":"Turnip"},{"floor":40,"key":"Art of War"},{"floor":42,"key":"Oddly Smooth Stone"},{"floor":43,"key":"Question Card"},{"floor":44,"key":"Kunai"},{"floor":48,"key":"Juzu Bracelet"}],"event_choices":[{"cards_removed":["Strike_B"],"damage_healed":0,"gold_gain":0,"player_choice":"Card Removal","damage_taken":0,"max_hp_gain":0,"max_hp_loss":0,"event_name":"The Cleric","floor":2,"gold_loss":50},{"damage_healed":0,"gold_gain":0,"player_choice":"Ignored","damage_taken":0,"max_hp_gain":0,"max_hp_loss":0,"event_name":"NoteForYourself","floor":19,"gold_loss":0},{"damage_healed":0,"gold_gain":0,"player_choice":"Fight","damage_taken":0,"max_hp_gain":0,"max_hp_loss":0,"event_name":"MindBloom","floor":36,"gold_loss":0},{"damage_healed":0,"gold_gain":0,"player_choice":"Max HP","damage_taken":0,"max_hp_gain":0,"max_hp_loss":4,"event_name":"Winding Halls","floor":37,"gold_loss":0},{"damage_healed":0,"gold_gain":0,"cards_transformed":["Strike_B"],"player_choice":"Transformed","damage_taken":0,"max_hp_gain":0,"max_hp_loss":0,"event_name":"Transmorgrifier","floor":46,"gold_loss":0,"cards_obtained":["Consume"]}],"is_beta":false,"boss_relics":[{"not_picked":["Black Star","SacredBark"],"picked":"FrozenCore"},{"not_picked":["Tiny House","Snecko Eye"],"picked":"Philosopher\u0027s Stone"}],"items_purged_floors":[13],"is_endless":false,"potions_floor_spawned":[5,12,14,24,29,31,33,39,42,45,47,48],"killed_by":"Donu and Deca","ascension_level":4}