{"gold_per_floor":[117,117,136,150,161,161,193,193,193,193,219,239,258,284,284,363,363,380,380,398,140,156,188,206,86,86,86,96,111,111,79,79,157,157,172,189,189,207,207,207,145,178,226,253,253,253,9,26,26,26,26,26,26,53,53],"floor_reached":56,"playtime":3223,"items_purged":["Blizzard","Tempest"],"score":1970,"play_id":"72e6a93e-a921-4f11-9844-3a7a87752f69","local_time":"20231114235055","is_ascension_mode":true,"campfire_choices":[{"data":"Dualcast","floor":6,"key":"SMITH"},{"data":"Defragment","floor":8,"key":"SMITH"},{"floor":15,"key":"REST"},{"data":"Coolheaded","floor":27,"key":"SMITH"},{"data":"Reinforced Body","floor":30,"key":"SMITH"},{"floor":32,"key":"REST"},{"data":"Steam Power","floor":40,"key":"SMITH"},{"data":"Redo","floor":46,"key":"SMITH"},{"floor":49,"key":"RECALL"},{"data":"Turbo","floor":52,"key":"SMITH"}],"neow_cost":"NONE","seed_source_timestamp":2908303689152200,"circlet_count":0,"master_deck":["AscendersBane","Zap+1","Dualcast+1","Doom and Gloom","Core Surge","Rebound","Coolheaded+1","Defragment+1","Chill","Reinforced Body+1","Turbo+1","Auto Shields","Hyperbeam+1","Leap","Ball Lightning","Rainbow+1","Redo+1","Compile Driver+1","Loop+1","Lockon+1","Heatsinks+1","BootSequence","Turbo+1","Loop+1","Buffer+1","Defragment+1","Steam Power+1","Capacitor+1","Biased Cognition+1","Compile Driver","Hologram"],"relics":["Cracked Core","Oddly Smooth Stone","Question Card","The Courier","Frozen Egg 2","Matryoshka","Letter Opener","Pandora\u0027s Box","Eternal Feather","Pantograph","Happy Flower","War Paint","Nuclear Battery","StrikeDummy","Bottled Flame","Symbiotic Virus","Bottled Tornado","DataDisk"],"potions_floor_usage":[7,14,16,23,33,44,44,55],"damage_taken":[{"damage":0,"enemies":"Small Slimes","floor":1,"turns":3},{"damage":0,"enemies":"Jaw Worm","floor":3,"turns":4},{"damage":0,"enemies":"Cultist","floor":4,"turns":3},{"damage":24,"enemies":"Large Slime","floor":5,"turns":4},{"damage":6,"enemies":"Gremlin Nob","floor":7,"turns":3},{"damage":4,"enemies":"Lagavulin","floor":11,"turns":9},{"damage":12,"enemies":"Exordium Thugs","floor":12,"turns":5},{"damage":0,"enemies":"Blue Slaver","floor":13,"turns":3},{"damage":4,"enemies":"3 Sentries","floor":14,"turns":5},{"damage":0,"enemies":"The Guardian","floor":16,"turns":10},{"damage":0,"enemies":"Chosen","floor":18,"turns":5},{"damage":0,"enemies":"Spheric Guardian","floor":20,"turns":3},{"damage":27,"enemies":"Chosen and Byrds","floor":22,"turns":5},{"damage":17,"enemies":"Slavers","floor":23,"turns":3},{"damage":13,"enemies":"Centurion and Healer","floor":24,"turns":7},{"damage":0,"enemies":"Snecko","floor":28,"turns":3},{"damage":6,"enemies":"3 Cultists","floor":29,"turns":4},{"damage":32,"enemies":"Collector","floor":33,"turns":8},{"damage":0,"enemies":"Orb Walker","floor":35,"turns":3},{"damage":0,"enemies":"3 Darklings","floor":36,"turns":3},{"damage":1,"enemies":"Jaw Worm Horde","floor":38,"turns":4},{"damage":6,"enemies":"Giant Head","floor":42,"turns":9},{"damage":65,"enemies":"Reptomancer","floor":44,"turns":5},{"damage":0,"enemies":"Sphere and 2 Shapes","floor":48,"turns":4},{"damage":13,"enemies":"Time Eater","floor":50,"turns":17},{"damage":22,"enemies":"Shield and Spear","floor":54,"turns":5},{"damage":47,"enemies":"The Heart","floor":55,"turns":11}],"seed_played":"6000368612016946489","potions_obtained":[{"floor":3,"key":"Fire Potion"},{"floor":11,"key":"Ancient Potion"},{"floor":13,"key":"GamblersBrew"},{"floor":14,"key":"Fire Potion"},{"floor":16,"key":"PowerPotion"},{"floor":23,"key":"BlessingOfTheForge"},{"floor":28,"key":"EssenceOfDarkness"},{"floor":33,"key":"CultistPotion"},{"floor":38,"key":"Fire Potion"},{"floor":42,"key":"Regen Potion"},{"floor":54,"key":"Ancient Potion"}],"is_trial":false,"path_per_floor":["M","?","M","M","M","R","E","R","T","T","E","M","M","E","R","B",null,"M","?","M","$","M","E","M","$","T","R","M","M","R","$","R","B",null,"M","M","?","M","?","R","$","E","T","E","?","R","$","M","R","B",null,"R","$","E","B",null],"character_chosen":"DEFECT","items_purchased":["Eternal Feather","FocusPotion","Loop+1","Capacitor+1","Bottled Tornado","PowerPotion"],"campfire_rested":2,"item_purchase_floors":[21,25,31,41,47,47],"current_hp_per_floor":[64,64,64,64,40,40,34,34,34,34,30,18,18,14,35,35,62,62,62,62,62,35,18,5,5,5,17,17,11,23,23,59,39,63,63,63,63,62,62,71,71,65,65,5,5,23,23,23,41,53,67,71,71,49,24],"gold":53,"neow_bonus":"RANDOM_COMMON_RELIC","is_prod":false,"is_daily":false,"chose_seed":false,"campfire_upgraded":7,"win_rate":0,"timestamp":1700034655,"path_taken":["M","?","M","M","M","R","E","R","T","?","E","?","M","E","R","BOSS","M","?","M","$","M","E","M","?","T","R","M","M","R","$","R","BOSS","M","M","?","?","?","R","$","E","T","E","?","R","?","M","R","BOSS","R","$","E","BOSS"],"build_version":"2022-12-18","purchased_purges":2,"victory":true,"max_hp_per_floor":[71,71,71,71,71,71,71,71,71,71,71,71,71,71,71,71,71,71,71,71,71,71,71,71,71,71,71,71,71,71,71,71,71,71,71,71,71,71,71,71,71,71,71,71,71,71,71,71,71,71,71,71,71,71,71],"card_choices":[{"not_picked":["Coolheaded","Stack"],"picked":"Doom and Gloom","floor":1},{"not_picked":["Streamline","Amplify","Consume"],"picked":"SKIP","floor":3},{"not_picked":["Compile Driver","Gash"],"picked":"Rebound","floor":4},{"not_picked":["Beam Cell","Leap"],"picked":"Coolheaded","floor":5},{"not_picked":["Go for the Eyes","Darkness"],"picked":"Defragment","floor":7},{"not_picked":["Conserve Battery","Reprogram","Leap"],"picked":"Chill","floor":11},{"not_picked":["FTL","Streamline","Aggregate"],"picked":"Reinforced Body","floor":12},{"not_picked":["Turbo","Redo","Doom and Gloom","Streamline"],"picked":"SKIP","floor":13},{"not_picked":["Redo","Doom and Gloom","Streamline"],"picked":"Turbo","floor":13},{"not_picked":["Tempest","Rebound","Doom and Gloom"],"picked":"Auto Shields","floor":14},{"not_picked":["Amplify","Reboot","Thunder Strike"],"picked":"Hyperbeam","floor":16},{"not_picked":["Skim","Loop+1","Hologram"],"picked":"Compile Driver+1","floor":18},{"not_picked":["Cold Snap","Ball Lightning+1","Doom and Gloom"],"picked":"Loop+1","floor":20},{"not_picked":["Conserve Battery","Force Field","Coolheaded"],"picked":"Lockon+1","floor":22},{"not_picked":["Beam Cell","Rip and Tear","Rebound"],"picked":"Heatsinks+1","floor":23},{"not_picked":["Darkness","Cold Snap","Stack","Core Surge"],"picked":"SKIP","floor":24},{"not_picked":["Force Field","Gash+1","Conserve Battery+1"],"picked":"BootSequence","floor":28},{"not_picked":["Ball Lightning","Go for the Eyes","Barrage"],"picked":"Turbo+1","floor":29},{"not_picked":["Reboot","Meteor Strike","Multi-Cast"],"picked":"Buffer+1","floor":33},{"not_picked":["FTL","Rip and Tear","Sweeping Beam","Fusion+1"],"picked":"SKIP","floor":35},{"not_picked":["Ball Lightning","Self Repair+1","White Noise"],"picked":"Defragment+1","floor":36},{"not_picked":["Ball Lightning","Undo","Turbo"],"picked":"Steam Power","floor":38},{"not_picked":["Leap","Redo+1","Chaos"],"picked":"Biased Cognition+1","floor":42},{"not_picked":["All For One","Go for the Eyes","Force Field"],"picked":"Compile Driver","floor":44},{"not_picked":["Stack","Sweeping Beam+1","Turbo","Aggregate"],"picked":"SKIP","floor":48},{"not_picked":["Fission","Ball Lightning","Stack+1"],"picked":"Hologram","floor":54}],"player_experience":902291,"relics_obtained":[{"floor":7,"key":"Question Card"},{"floor":9,"key":"The Courier"},{"floor":10,"key":"Frozen Egg 2"},{"floor":11,"key":"Matryoshka"},{"floor":14,"key":"Letter Opener"},{"floor":23,"key":"Pantograph"},{"floor":26,"key":"Happy Flower"},{"floor":26,"key":"War Paint"},{"floor":42,"key":"StrikeDummy"},{"floor":43,"key":"Bottled Flame"},{"floor":44,"key":"Symbiotic Virus"},{"floor":54,"key":"DataDisk"}],"event_choices":[{"damage_healed":0,"gold_gain":0,"cards_transformed":["Strike_B"],"player_choice":"Change","damage_taken":0,"max_hp_gain":0,"max_hp_loss":0,"event_name":"Living Wall","floor":2,"gold_loss":0,"cards_obtained":["Core Surge"]},{"damage_healed":0,"gold_gain":0,"player_choice":"Forge","damage_taken":0,"max_hp_gain":0,"max_hp_loss":0,"event_name":"Accursed Blacksmith","floor":19,"gold_loss":0,"cards_upgraded":["Hyperbeam"]},{"damage_healed":0,"gold_gain":0,"player_choice":"Ignored","damage_taken":0,"max_hp_gain":0,"max_hp_loss":0,"event_name":"NoteForYourself","floor":37,"gold_loss":0},{"cards_removed":["Amplify"],"damage_healed":0,"gold_gain":0,"player_choice":"Removed Skill","damage_taken":0,"max_hp_gain":0,"max_hp_loss":0,"event_name":"Falling","floor":39,"gold_loss":0},{"damage_healed":0,"gold_gain":0,"player_choice":"Ignored","damage_taken":0,"max_hp_gain":0,"max_hp_loss":0,"event_name":"Mysterious Sphere","floor":45,"gold_loss":0}],"is_beta":false,"boss_relics":[{"not_picked":["Calling Bell","Cursed Key"],"picked":"Pandora\u0027s Box"},{"not_picked":["Empty Cage","Snecko Eye"],"picked":"Nuclear Battery"}],"items_purged_floors":[21,25],"is_endless":false,"potions_floor_spawned":[3,11,13,14,16,18,23,28,33,35,38,42,54],"ascension_level":14}