{"gold_per_floor":[111,130,280,294,129,129,129,158,158,158],"floor_reached":10,"playtime":463,"items_purged":["Doubt"],"score":122,"play_id":"21f88101-4456-4a51-9cbe-42a37c784b52","local_time":"20231213045052","is_ascension_mode":true,"campfire_choices":[{"data":"Defragment","floor":6,"key":"SMITH"}],"neow_cost":"NONE","seed_source_timestamp":447932239052200,"circlet_count":0,"master_deck":["AscendersBane","Strike_B","Strike_B","Strike_B","Defend_B","Defend_B","Defend_B","Defend_B","Zap","Dualcast","Ball Lightning+1","Self Repair","Defragment+1","Doom and Gloom"],"relics":["Cracked Core","The Courier","Anchor"],"potions_floor_usage":[8,10],"damage_taken":[{"damage":2,"enemies":"Jaw Worm","floor":1,"turns":4},{"damage":1,"enemies":"Cultist","floor":2,"turns":3},{"damage":0,"enemies":"Small Slimes","floor":4,"turns":2},{"damage":40,"enemies":"3 Sentries","floor":8,"turns":6},{"damage":40,"enemies":"Lagavulin","floor":10,"turns":5}],"seed_played":"6993351096448250640","potions_obtained":[{"floor":2,"key":"GamblersBrew"},{"floor":4,"key":"FearPotion"}],"is_trial":false,"path_per_floor":["M","M","?","M","$","R","?","E","T","E"],"character_chosen":"DEFECT","items_purchased":["Defragment"],"campfire_rested":0,"item_purchase_floors":[5],"current_hp_per_floor":[62,61,61,61,61,61,61,28,28,0],"gold":158,"neow_bonus":"REMOVE_CARD","is_prod":false,"is_daily":false,"chose_seed":false,"campfire_upgraded":1,"win_rate":0,"timestamp":1702471852,"path_taken":["M","M","?","M","$","R","?","E","T","E"],"build_version":"2022-12-18","purchased_purges":1,"victory":false,"max_hp_per_floor":[71,71,71,71,71,71,71,71,71,71],"card_choices":[{"not_picked":["Redo","Turbo","Chaos"],"picked":"SKIP","floor":1},{"not_picked":["Gash","Lockon"],"picked":"Ball Lightning","floor":2},{"not_picked":["Turbo","Aggregate"],"picked":"Self Repair","floor":4},{"not_picked":["Stack","Barrage"],"picked":"Doom and Gloom","floor":8}],"player_experience":979600,"relics_obtained":[{"floor":8,"key":"The Courier"},{"floor":9,"key":"Anchor"}],"event_choices":[{"damage_healed":0,"gold_gain":150,"player_choice":"AGREE","damage_taken":0,"max_hp_gain":0,"max_hp_loss":0,"event_name":"Liars Game","floor":3,"gold_loss":0,"cards_obtained":["Doubt"]},{"damage_healed":0,"gold_gain":0,"player_choice":"Grow","damage_taken":0,"max_hp_gain":0,"max_hp_loss":0,"event_name":"Living Wall","floor":7,"gold_loss":0,"cards_upgraded":["Ball Lightning"]}],"is_beta":false,"boss_relics":[],"items_purged_floors":[5],"is_endless":false,"potions_floor_spawned":[2,4],"killed_by":"Lagavulin","ascension_level":17}