{"gold_per_floor":[120,146,170,197,197,239,164,194,231,263,275,322,334,372,384,482,494,531,26,36,46,73,98,98,139,148,148,168,205,214,225,225,298,298,317,317,187,187,196,196,209,235,319,319],"floor_reached":44,"playtime":1796,"items_purged":["Strike_B","Strike_B"],"score":1089,"play_id":"5c9d99fe-d497-44a6-bfa8-f542305c4b9d","local_time":"20231209013340","is_ascension_mode":true,"campfire_choices":[{"data":"Doom and Gloom","floor":11,"key":"SMITH"},{"data":"Sweeping Beam","floor":13,"key":"SMITH"},{"data":"Dualcast","floor":15,"key":"SMITH"},{"data":"Lockon","floor":24,"key":"SMITH"},{"data":"Creative AI","floor":32,"key":"SMITH"},{"data":"Coolheaded","floor":40,"key":"SMITH"}],"neow_cost":"NONE","seed_source_timestamp":89115966795300,"circlet_count":0,"master_deck":["AscendersBane","Defend_B","Defend_B","Defend_B","Defend_B","Zap","Dualcast+1","Ball Lightning","Lockon+1","Ball Lightning","Steam","Sweeping Beam+1","Doom and Gloom+1","Rebound","Seek","Coolheaded+1","Self Repair","Ghostly","Ghostly","Ghostly","Skim","Creative AI+1","Hologram","Coolheaded+1","Reinforced Body+1","Aggregate","Turbo","Dark Shackles","Doubt"],"special_seed":0,"relics":["Cracked Core","CeramicFish","PreservedInsect","MawBank","Centennial Puzzle","Vajra","Cursed Key","OrangePellets","Oddly Smooth Stone","Emotion Chip","Pear","HornCleat","Omamori","Calling Bell","Bag of Preparation","White Beast Statue","Bird Faced Urn","Orrery","Potion Belt"],"potions_floor_usage":[14,16,16,18,44],"damage_taken":[{"damage":0,"enemies":"Small Slimes","floor":1,"turns":2},{"damage":1,"enemies":"Cultist","floor":2,"turns":3},{"damage":2,"enemies":"Jaw Worm","floor":3,"turns":2},{"damage":6,"enemies":"2 Fungi Beasts","floor":4,"turns":2},{"damage":14,"enemies":"Lagavulin","floor":6,"turns":5},{"damage":5,"enemies":"Gremlin Nob","floor":8,"turns":3},{"damage":0,"enemies":"Looter","floor":10,"turns":2},{"damage":10,"enemies":"Lagavulin","floor":12,"turns":4},{"damage":0,"enemies":"Exordium Wildlife","floor":14,"turns":3},{"damage":0,"enemies":"Slime Boss","floor":16,"turns":4},{"damage":17,"enemies":"2 Thieves","floor":18,"turns":2},{"damage":19,"enemies":"3 Byrds","floor":20,"turns":3},{"damage":0,"enemies":"Snecko","floor":21,"turns":3},{"damage":0,"enemies":"Gremlin Leader","floor":23,"turns":5},{"damage":3,"enemies":"Slavers","floor":25,"turns":2},{"damage":17,"enemies":"Snake Plant","floor":28,"turns":4},{"damage":15,"enemies":"Gremlin Leader","floor":29,"turns":4},{"damage":2,"enemies":"Centurion and Healer","floor":31,"turns":6},{"damage":2,"enemies":"Champ","floor":33,"turns":10},{"damage":9,"enemies":"3 Darklings","floor":35,"turns":4},{"damage":0,"enemies":"Orb Walker","floor":41,"turns":4},{"damage":12,"enemies":"Reptomancer","floor":42,"turns":8},{"damage":53,"enemies":"Giant Head","floor":44,"turns":6}],"seed_played":"-1328877335727635561","potions_obtained":[{"floor":3,"key":"SmokeBomb"},{"floor":4,"key":"Fruit Juice"},{"floor":12,"key":"SkillPotion"},{"floor":14,"key":"FearPotion"},{"floor":16,"key":"SneckoOil"},{"floor":18,"key":"Ancient Potion"},{"floor":20,"key":"Swift Potion"},{"floor":42,"key":"LiquidBronze"}],"is_trial":false,"path_per_floor":["M","M","M","M","?","E","$","E","T","M","R","E","R","M","R","B",null,"M","$","M","M","?","E","R","E","T","?","M","E","?","M","R","B",null,"M","?","$","?","?","R","M","E","T","E"],"character_chosen":"DEFECT","items_purchased":["OrangePellets","Self Repair","Oddly Smooth Stone","AttackPotion","Orrery"],"campfire_rested":0,"item_purchase_floors":[19,19,19,19,37],"current_hp_per_floor":[64,63,61,55,55,41,41,36,36,36,36,26,26,31,31,31,65,48,48,36,36,36,38,38,45,45,45,35,27,27,32,32,37,45,45,45,45,45,45,45,46,45,45,0],"gold":319,"neow_bonus":"RANDOM_COMMON_RELIC","is_prod":false,"is_daily":false,"chose_seed":false,"campfire_upgraded":6,"win_rate":0,"timestamp":1702114420,"path_taken":["M","M","M","M","?","E","?","E","T","M","R","E","R","?","R","BOSS","M","$","M","M","?","E","R","E","T","?","M","E","?","?","R","BOSS","M","?","$","?","?","R","M","E","T","E"],"build_version":"2022-12-18","purchased_purges":2,"victory":false,"max_hp_per_floor":[71,71,71,71,71,71,71,71,71,71,71,71,71,76,76,76,76,76,76,76,76,38,38,38,48,48,48,48,48,48,48,48,48,48,48,48,48,46,46,46,46,46,46,46],"card_choices":[{"not_picked":["Rebound","Compile Driver"],"picked":"Ball Lightning","floor":1},{"not_picked":["Conserve Battery","Hologram"],"picked":"Lockon","floor":2},{"not_picked":["Redo","Streamline"],"picked":"Ball Lightning","floor":3},{"not_picked":["Fusion","Force Field"],"picked":"Steam","floor":4},{"not_picked":["Loop","Steam"],"picked":"Sweeping Beam","floor":6},{"not_picked":["Recycle","Sweeping Beam","Turbo"],"picked":"SKIP","floor":8},{"not_picked":["Loop","Skim"],"picked":"Doom and Gloom","floor":10},{"not_picked":["Gash","Static Discharge","Conserve Battery"],"picked":"SKIP","floor":12},{"not_picked":["Creative AI","Beam Cell"],"picked":"Rebound","floor":14},{"not_picked":["Hyperbeam","Fission"],"picked":"Seek","floor":16},{"not_picked":["Leap","Aggregate"],"picked":"Coolheaded+1","floor":18},{"not_picked":["Turbo","Beam Cell","Ball Lightning"],"picked":"SKIP","floor":20},{"not_picked":["Gash","Stack","Rebound"],"picked":"SKIP","floor":21},{"not_picked":["Storm","Barrage+1","Chill"],"picked":"SKIP","floor":23},{"not_picked":["Force Field","Hello World"],"picked":"Skim","floor":25},{"not_picked":["Streamline","Turbo","Steam"],"picked":"SKIP","floor":28},{"not_picked":["Go for the Eyes","Streamline"],"picked":"Creative AI","floor":29},{"not_picked":["Conserve Battery+1","Static Discharge","Sweeping Beam+1"],"picked":"SKIP","floor":31},{"not_picked":["Beam Cell","Gash"],"picked":"Coolheaded","floor":35},{"not_picked":["Meteor Strike","Hologram"],"picked":"Reinforced Body+1","floor":37},{"not_picked":["Sunder","Rip and Tear"],"picked":"Aggregate","floor":37},{"not_picked":["Gash","FTL"],"picked":"Turbo","floor":37},{"not_picked":["Deep Breath","Good Instincts"],"picked":"Dark Shackles","floor":39},{"not_picked":["Steam","Cold Snap+1","Hologram+1"],"picked":"SKIP","floor":41},{"not_picked":["Chill","Thunder Strike","Scrape+1"],"picked":"SKIP","floor":42}],"player_experience":946573,"relics_obtained":[{"floor":6,"key":"PreservedInsect"},{"floor":8,"key":"MawBank"},{"floor":9,"key":"Centennial Puzzle"},{"floor":12,"key":"Vajra"},{"floor":23,"key":"Emotion Chip"},{"floor":25,"key":"Pear"},{"floor":26,"key":"HornCleat"},{"floor":29,"key":"Omamori"},{"floor":34,"key":"Bag of Preparation"},{"floor":34,"key":"White Beast Statue"},{"floor":34,"key":"Bird Faced Urn"},{"floor":42,"key":"Potion Belt"}],"event_choices":[{"cards_removed":["Strike_B"],"damage_healed":0,"gold_gain":0,"player_choice":"Offered Basic","damage_taken":0,"max_hp_gain":0,"max_hp_loss":0,"event_name":"Bonfire Elementals","floor":5,"gold_loss":0},{"damage_healed":0,"gold_gain":0,"player_choice":"Became a Ghost","damage_taken":0,"max_hp_gain":0,"max_hp_loss":38,"event_name":"Ghosts","floor":22,"gold_loss":0,"cards_obtained":["Ghostly","Ghostly","Ghostly"]},{"damage_healed":0,"gold_gain":0,"player_choice":"Ignored","damage_taken":0,"max_hp_gain":0,"max_hp_loss":0,"event_name":"Cursed Tome","floor":27,"gold_loss":0},{"damage_healed":0,"gold_gain":0,"cards_transformed":["Strike_B","Regret"],"player_choice":"Became Test Subject","damage_taken":0,"max_hp_gain":0,"max_hp_loss":0,"event_name":"Drug Dealer","floor":30,"gold_loss":0,"cards_obtained":["Hologram","Parasite"]},{"damage_healed":0,"gold_gain":0,"player_choice":"Ignored","damage_taken":0,"max_hp_gain":0,"max_hp_loss":0,"event_name":"Tomb of Lord Red Mask","floor":36,"gold_loss":0},{"damage_healed":0,"gold_gain":0,"player_choice":"Max HP","damage_taken":0,"max_hp_gain":0,"max_hp_loss":2,"event_name":"Winding Halls","floor":38,"gold_loss":0},{"damage_healed":0,"gold_gain":0,"player_choice":"Memory 1","damage_taken":0,"max_hp_gain":0,"max_hp_loss":0,"event_name":"SensoryStone","floor":39,"gold_loss":0}],"is_beta":false,"boss_relics":[{"not_picked":["Black Star","Empty Cage"],"picked":"Cursed Key"},{"not_picked":["Sozu","Fusion Hammer"],"picked":"Calling Bell"}],"items_purged_floors":[7,19],"is_endless":false,"potions_floor_spawned":[3,4,12,14,16,18,20,25,28,35,41,42],"killed_by":"Giant Head","ascension_level":16}