{"gold_per_floor":[110,58,69,88,88,88,122,122,122,447,466,484,494,49,49,127,127,142,57,107,137,137,137,153,153,179,179,198,208,219,237,237,237],"floor_reached":33,"playtime":1470,"items_purged":["Strike_B"],"score":479,"play_id":"7457e819-d352-4946-95c7-1ddcd908b223","local_time":"20231214070626","is_ascension_mode":true,"campfire_choices":[{"data":"Defragment","floor":6,"key":"SMITH"},{"data":"Melter","floor":8,"key":"SMITH"},{"floor":15,"key":"REST"},{"data":"Defragment","floor":23,"key":"SMITH"},{"data":"Fission","floor":25,"key":"SMITH"},{"floor":27,"key":"REST"},{"data":"Heatsinks","floor":32,"key":"SMITH"}],"neow_cost":"NONE","seed_source_timestamp":73858815503000,"circlet_count":0,"master_deck":["AscendersBane","Zap","Dualcast","Rebound","Gash","Defragment+1","Melter+1","Cold Snap","Defragment+1","Coolheaded","Leap","Turbo","Meteor Strike","Rip and Tear","Electrodynamics","Reprogram","Reboot","Consume","Heatsinks+1","Barrage","Steam+1","Hologram","Fission+1","Glacier","Reinforced Body"],"relics":["Cracked Core","Oddly Smooth Stone","Boot","Ice Cream","Old Coin","DataDisk","Happy Flower","Pandora\u0027s Box","Incense Burner","Red Mask","MealTicket"],"potions_floor_usage":[7,10,10,12,24,33,33],"damage_taken":[{"damage":0,"enemies":"Cultist","floor":1,"turns":3},{"damage":1,"enemies":"Jaw Worm","floor":3,"turns":3},{"damage":2,"enemies":"Small Slimes","floor":4,"turns":3},{"damage":16,"enemies":"3 Sentries","floor":7,"turns":7},{"damage":16,"enemies":"Gremlin Nob","floor":10,"turns":3},{"damage":18,"enemies":"Exordium Wildlife","floor":11,"turns":3},{"damage":8,"enemies":"Large Slime","floor":12,"turns":7},{"damage":1,"enemies":"Looter","floor":13,"turns":3},{"damage":5,"enemies":"The Guardian","floor":16,"turns":10},{"damage":0,"enemies":"Spheric Guardian","floor":18,"turns":2},{"damage":23,"enemies":"Masked Bandits","floor":21,"turns":3},{"damage":15,"enemies":"3 Byrds","floor":24,"turns":3},{"damage":10,"enemies":"Centurion and Healer","floor":28,"turns":3},{"damage":0,"enemies":"Snecko","floor":29,"turns":4},{"damage":0,"enemies":"3 Cultists","floor":30,"turns":3},{"damage":2,"enemies":"Snake Plant","floor":31,"turns":3},{"damage":30,"enemies":"Automaton","floor":33,"turns":6}],"seed_played":"8996926105735231340","potions_obtained":[{"floor":3,"key":"SteroidPotion"},{"floor":4,"key":"SteroidPotion"},{"floor":7,"key":"PowerPotion"},{"floor":10,"key":"ColorlessPotion"},{"floor":11,"key":"SpeedPotion"},{"floor":21,"key":"LiquidBronze"},{"floor":24,"key":"FocusPotion"},{"floor":29,"key":"LiquidMemories"}],"is_trial":false,"path_per_floor":["M","$","M","M","T","R","E","R","T","E","M","M","M","$","R","B",null,"M","?","?","?","?","R","M","R","T","R","M","M","M","M","R","B"],"character_chosen":"DEFECT","items_purchased":["Gash","DataDisk","Happy Flower","Turbo"],"campfire_rested":2,"item_purchase_floors":[2,14,14,14],"current_hp_per_floor":[64,64,63,61,61,61,45,45,45,29,11,3,2,2,23,18,58,58,58,58,35,35,35,20,20,20,41,31,31,31,29,29,0],"gold":237,"neow_bonus":"RANDOM_COMMON_RELIC","is_prod":false,"is_daily":false,"chose_seed":false,"campfire_upgraded":5,"win_rate":0,"timestamp":1702566386,"path_taken":["M","$","M","M","?","R","E","R","T","E","M","M","M","?","R","BOSS","M","?","?","?","?","R","M","R","T","R","M","M","M","M","R","BOSS"],"build_version":"2022-12-18","purchased_purges":1,"victory":false,"max_hp_per_floor":[71,71,71,71,71,71,71,71,71,71,71,71,71,71,71,71,71,71,71,71,71,71,71,71,71,71,71,71,71,71,71,71,71],"card_choices":[{"not_picked":["Steam","Stack"],"picked":"Rebound","floor":1},{"not_picked":["Darkness","Sweeping Beam"],"picked":"Defragment","floor":3},{"not_picked":["Recycle","Darkness"],"picked":"Melter","floor":4},{"not_picked":["Barrage","Aggregate"],"picked":"Cold Snap","floor":7},{"not_picked":["Hello World","Redo"],"picked":"Defragment","floor":10},{"not_picked":["Leap","Rainbow"],"picked":"Coolheaded","floor":11},{"not_picked":["Barrage","Streamline","Redo"],"picked":"SKIP","floor":12},{"not_picked":["White Noise","Hologram"],"picked":"Leap","floor":13},{"not_picked":["Buffer","All For One"],"picked":"Meteor Strike","floor":16},{"not_picked":["Beam Cell","Sweeping Beam+1"],"picked":"Steam+1","floor":18},{"not_picked":["Fusion","Compile Driver"],"picked":"Fission","floor":24},{"not_picked":["Melter","Force Field","Sweeping Beam"],"picked":"SKIP","floor":28},{"not_picked":["Compile Driver","Cold Snap"],"picked":"Glacier","floor":29},{"not_picked":["Fusion","White Noise","Blizzard"],"picked":"SKIP","floor":30},{"not_picked":["Redo","Scrape"],"picked":"Reinforced Body","floor":31}],"player_experience":986752,"relics_obtained":[{"floor":7,"key":"Boot"},{"floor":9,"key":"Ice Cream"},{"floor":10,"key":"Old Coin"},{"floor":21,"key":"Red Mask"},{"floor":26,"key":"MealTicket"}],"event_choices":[{"damage_healed":0,"gold_gain":0,"player_choice":"Obtained Relic","damage_taken":0,"relics_obtained":["Incense Burner"],"max_hp_gain":0,"max_hp_loss":0,"event_name":"Addict","floor":19,"gold_loss":85},{"damage_healed":0,"gold_gain":50,"player_choice":"Stole From Cult","damage_taken":0,"max_hp_gain":0,"max_hp_loss":0,"event_name":"Nest","floor":20,"gold_loss":0},{"damage_healed":0,"gold_gain":0,"player_choice":"Fought Bandits","damage_taken":0,"max_hp_gain":0,"max_hp_loss":0,"event_name":"Masked Bandits","floor":21,"gold_loss":0},{"damage_healed":0,"gold_gain":0,"player_choice":"Read","damage_taken":0,"max_hp_gain":0,"max_hp_loss":0,"event_name":"The Library","floor":22,"gold_loss":0,"cards_obtained":["Hologram"]}],"is_beta":false,"boss_relics":[{"not_picked":["Coffee Dripper","Astrolabe"],"picked":"Pandora\u0027s Box"}],"items_purged_floors":[14],"is_endless":false,"potions_floor_spawned":[3,4,7,10,11,21,24,29],"killed_by":"Automaton","ascension_level":17}