{"gold_per_floor":[119,130,0,11,31,31,47,77,155,181,194,119,119,149,149,224,224,244,244,259,279,279,279,304,304,304,330,330,330,77,92,92,165,165,179,199,199,99,424,435,447,447,470,499,511,148,163,163,163,163,163,163,3,33,33],"floor_reached":55,"playtime":3826,"items_purged":["Strike_B","Strike_B","Zap"],"score":1386,"play_id":"a8eb0608-6480-472f-bc07-66b99a1a094e","local_time":"20231212024152","is_ascension_mode":true,"campfire_choices":[{"data":"Sunder","floor":6,"key":"SMITH"},{"data":"Hologram","floor":13,"key":"SMITH"},{"data":"Beam Cell","floor":15,"key":"SMITH"},{"data":"Reboot","floor":23,"key":"SMITH"},{"floor":25,"key":"REST"},{"data":"Hologram","floor":28,"key":"SMITH"},{"data":"Defragment","floor":32,"key":"SMITH"},{"data":"Turbo","floor":42,"key":"SMITH"},{"floor":49,"key":"RECALL"},{"data":"Loop","floor":52,"key":"SMITH"}],"neow_cost":"NONE","seed_source_timestamp":350426283400700,"circlet_count":0,"master_deck":["AscendersBane","Defend_B","Defend_B+1","Defend_B","Defend_B","Dualcast","Auto Shields+1","Sunder+1","Beam Cell+1","Hologram+1","Skim","Gash","Glacier","Coolheaded","Gash","Reboot+1","Consume+1","Rebound","Hologram+1","Defragment+1","Gash","Gash","Turbo+1","Redo+1","Loop+1","Hologram"],"relics":["Cracked Core","Oddly Smooth Stone","White Beast Statue","Thread and Needle","Odd Mushroom","Nuclear Battery","Lantern","PreservedInsect","War Paint","OrangePellets","Runic Pyramid","Old Coin","StrikeDummy","Frozen Eye","Runic Capacitor","Bird Faced Urn"],"potions_floor_usage":[8,10,16,24,27,33,33,36,40,40,44,50,55,55],"damage_taken":[{"damage":2,"enemies":"2 Louse","floor":1,"turns":2},{"damage":2,"enemies":"Jaw Worm","floor":2,"turns":3},{"damage":0,"enemies":"Small Slimes","floor":4,"turns":2},{"damage":4,"enemies":"Exordium Thugs","floor":5,"turns":4},{"damage":0,"enemies":"Looter","floor":7,"turns":2},{"damage":12,"enemies":"3 Sentries","floor":8,"turns":6},{"damage":16,"enemies":"Gremlin Nob","floor":10,"turns":3},{"damage":0,"enemies":"2 Fungi Beasts","floor":11,"turns":4},{"damage":15,"enemies":"The Mushroom Lair","floor":14,"turns":3},{"damage":1,"enemies":"The Guardian","floor":16,"turns":13},{"damage":0,"enemies":"3 Byrds","floor":18,"turns":5},{"damage":0,"enemies":"Chosen","floor":20,"turns":2},{"damage":0,"enemies":"Sentry and Sphere","floor":21,"turns":10},{"damage":26,"enemies":"Gremlin Leader","floor":24,"turns":9},{"damage":0,"enemies":"Slavers","floor":27,"turns":2},{"damage":22,"enemies":"Shelled Parasite and Fungi","floor":31,"turns":4},{"damage":2,"enemies":"Automaton","floor":33,"turns":14},{"damage":12,"enemies":"3 Darklings","floor":35,"turns":12},{"damage":27,"enemies":"3 Shapes","floor":36,"turns":4},{"damage":0,"enemies":"Mind Bloom Boss Battle","floor":39,"turns":5},{"damage":7,"enemies":"Transient","floor":40,"turns":6},{"damage":0,"enemies":"4 Shapes","floor":41,"turns":12},{"damage":15,"enemies":"Reptomancer","floor":44,"turns":7},{"damage":0,"enemies":"Spire Growth","floor":45,"turns":6},{"damage":0,"enemies":"Sphere and 2 Shapes","floor":47,"turns":6},{"damage":9,"enemies":"Time Eater","floor":50,"turns":13},{"damage":23,"enemies":"Shield and Spear","floor":54,"turns":11},{"damage":50,"enemies":"The Heart","floor":55,"turns":12}],"seed_played":"8687140949467497522","potions_obtained":[{"floor":1,"key":"EssenceOfSteel"},{"floor":5,"key":"AttackPotion"},{"floor":8,"key":"PotionOfCapacity"},{"floor":10,"key":"Dexterity Potion"},{"floor":16,"key":"Energy Potion"},{"floor":18,"key":"PowerPotion"},{"floor":21,"key":"AttackPotion"},{"floor":24,"key":"Explosive Potion"},{"floor":27,"key":"SpeedPotion"},{"floor":33,"key":"Regen Potion"},{"floor":35,"key":"Energy Potion"},{"floor":36,"key":"Regen Potion"},{"floor":40,"key":"PotionOfCapacity"},{"floor":41,"key":"SkillPotion"},{"floor":44,"key":"PowerPotion"},{"floor":47,"key":"SpeedPotion"},{"floor":54,"key":"Energy Potion"}],"is_trial":false,"path_per_floor":["M","M","$","M","M","R","M","E","T","E","M","?","R","?","R","B",null,"M","?","M","M","?","R","E","R","T","E","R","?","$","M","R","B",null,"M","M","?","$","?","M","M","R","T","E","M","$","M","?","R","B",null,"R","$","E","B"],"character_chosen":"DEFECT","items_purchased":["Beam Cell","Defragment","OrangePellets","Loop","Frozen Eye","Runic Capacitor"],"campfire_rested":1,"item_purchase_floors":[3,30,30,46,46,53],"current_hp_per_floor":[69,67,67,67,63,63,63,51,51,35,35,35,35,20,20,19,63,63,63,63,63,63,63,37,60,60,60,60,60,60,38,38,36,68,56,41,41,41,41,49,49,49,49,34,34,34,34,34,34,25,62,62,62,39,0],"gold":33,"neow_bonus":"TEN_PERCENT_HP_BONUS","is_prod":false,"is_daily":false,"chose_seed":false,"campfire_upgraded":8,"win_rate":0,"timestamp":1702377712,"path_taken":["M","M","$","M","M","R","M","E","T","E","M","?","R","?","R","BOSS","M","?","M","M","?","R","E","R","T","E","R","?","$","M","R","BOSS","M","M","?","$","?","M","M","R","T","E","M","$","M","?","R","BOSS","R","$","E","BOSS"],"build_version":"2022-12-18","purchased_purges":3,"victory":false,"max_hp_per_floor":[78,78,78,78,78,78,78,78,78,78,78,78,78,78,78,78,78,78,78,78,78,78,78,78,78,78,78,78,78,78,78,78,78,78,78,78,78,78,78,78,78,78,78,78,78,78,78,74,74,74,74,74,74,74,74],"card_choices":[{"not_picked":["Hologram","Reprogram"],"picked":"Auto Shields","floor":1},{"not_picked":["Turbo","Rebound"],"picked":"Sunder","floor":2},{"not_picked":["Streamline","Static Discharge"],"picked":"Hologram","floor":4},{"not_picked":["Streamline","Gash"],"picked":"Skim","floor":5},{"not_picked":["Loop","Stack"],"picked":"Gash","floor":7},{"not_picked":["Creative AI","BootSequence","Rip and Tear"],"picked":"SKIP","floor":8},{"not_picked":["Rip and Tear","Fusion"],"picked":"Glacier","floor":10},{"not_picked":["Conserve Battery","Cold Snap"],"picked":"Coolheaded","floor":11},{"not_picked":["Heatsinks","Redo"],"picked":"Gash","floor":14},{"not_picked":["Rainbow","Creative AI"],"picked":"Reboot","floor":16},{"not_picked":["Chaos","Compile Driver+1","Darkness"],"picked":"SKIP","floor":18},{"not_picked":["Rip and Tear","Genetic Algorithm"],"picked":"Consume+1","floor":20},{"not_picked":["White Noise","Sweeping Beam+1"],"picked":"Rebound","floor":21},{"not_picked":["Genetic Algorithm","Beam Cell"],"picked":"Hologram","floor":24},{"not_picked":["Barrage","Lockon","Conserve Battery"],"picked":"SKIP","floor":27},{"not_picked":["Beam Cell","Doom and Gloom","Steam"],"picked":"SKIP","floor":31},{"not_picked":["White Noise","Tempest"],"picked":"Gash","floor":35},{"not_picked":["Barrage","Static Discharge+1"],"picked":"Gash","floor":36},{"not_picked":["Compile Driver","Conserve Battery"],"picked":"Turbo","floor":39},{"not_picked":["Streamline","Steam Power"],"picked":"Redo+1","floor":40},{"not_picked":["Steam","Tempest","Ball Lightning"],"picked":"SKIP","floor":41},{"not_picked":["Heatsinks+1","Storm","Genetic Algorithm"],"picked":"SKIP","floor":44},{"not_picked":["Sweeping Beam","Turbo","Tempest"],"picked":"SKIP","floor":45},{"not_picked":["Glacier","Chaos"],"picked":"Hologram","floor":47},{"not_picked":["Cold Snap","Stack","Gash+1"],"picked":"SKIP","floor":54}],"player_experience":974726,"relics_obtained":[{"floor":8,"key":"Oddly Smooth Stone"},{"floor":9,"key":"White Beast Statue"},{"floor":10,"key":"Thread and Needle"},{"floor":14,"key":"Odd Mushroom"},{"floor":24,"key":"Lantern"},{"floor":26,"key":"PreservedInsect"},{"floor":27,"key":"War Paint"},{"floor":39,"key":"Old Coin"},{"floor":44,"key":"StrikeDummy"},{"floor":54,"key":"Bird Faced Urn"}],"event_choices":[{"cards_removed":["Strike_B"],"damage_healed":0,"gold_gain":0,"player_choice":"Card Removal","damage_taken":0,"max_hp_gain":0,"max_hp_loss":0,"event_name":"The Cleric","floor":12,"gold_loss":75},{"damage_healed":0,"gold_gain":0,"player_choice":"Fought Mushrooms","damage_taken":0,"max_hp_gain":0,"max_hp_loss":0,"event_name":"Mushrooms","floor":14,"gold_loss":0},{"damage_healed":0,"gold_gain":0,"player_choice":"Ignored","damage_taken":0,"max_hp_gain":0,"max_hp_loss":0,"event_name":"Cursed Tome","floor":19,"gold_loss":0},{"damage_healed":0,"gold_gain":0,"player_choice":"Ignored","damage_taken":0,"max_hp_gain":0,"max_hp_loss":0,"event_name":"Ghosts","floor":22,"gold_loss":0},{"cards_removed":["Strike_B"],"damage_healed":0,"gold_gain":0,"player_choice":"Elegance","damage_taken":0,"max_hp_gain":0,"max_hp_loss":0,"event_name":"Back to Basics","floor":29,"gold_loss":0},{"damage_healed":0,"gold_gain":0,"player_choice":"Ignored","damage_taken":0,"max_hp_gain":0,"max_hp_loss":0,"event_name":"Mysterious Sphere","floor":37,"gold_loss":0},{"damage_healed":0,"gold_gain":0,"player_choice":"Fight","damage_taken":0,"max_hp_gain":0,"max_hp_loss":0,"event_name":"MindBloom","floor":39,"gold_loss":0},{"damage_healed":0,"gold_gain":0,"player_choice":"Max HP","damage_taken":0,"max_hp_gain":0,"max_hp_loss":4,"event_name":"Winding Halls","floor":48,"gold_loss":0}],"is_beta":false,"boss_relics":[{"not_picked":["Empty Cage","Fusion Hammer"],"picked":"Nuclear Battery"},{"not_picked":["Calling Bell","Velvet Choker"],"picked":"Runic Pyramid"}],"items_purged_floors":[3,38,46],"is_endless":false,"potions_floor_spawned":[1,5,8,10,11,14,16,18,20,21,24,27,31,33,35,36,39,40,41,44,45,47,54],"killed_by":"The Heart","ascension_level":17}