{"gold_per_floor":[114,164,1,13,31,31,31,44,44,44,57,92,4,35,35,111,111,122,122,122],"floor_reached":20,"playtime":767,"items_purged":["Strike_B"],"score":346,"play_id":"d97f9435-d6e7-4e52-b089-1fbb1360cbc5","local_time":"20231220135331","is_ascension_mode":true,"campfire_choices":[{"data":"Defragment","floor":6,"key":"SMITH"},{"data":"Doom and Gloom","floor":10,"key":"SMITH"},{"data":"Go for the Eyes","floor":15,"key":"SMITH"}],"neow_cost":"TEN_PERCENT_HP_LOSS","seed_source_timestamp":617406289900100,"circlet_count":0,"master_deck":["AscendersBane","Strike_B+1","Strike_B+1","Strike_B+1","Defend_B+1","Defend_B+1","Defend_B+1","Defend_B+1","Zap","Dualcast","Thinking Ahead","Coolheaded","Melter","Doom and Gloom+1","Defragment+1","Go for the Eyes+1","Skim","Ball Lightning","Auto Shields","Capacitor","Biased Cognition","Glacier"],"relics":["Cracked Core","Girya","Turnip","Prayer Wheel","Tiny Chest","Philosopher\u0027s Stone"],"potions_floor_usage":[14],"damage_taken":[{"damage":5,"enemies":"Small Slimes","floor":1,"turns":3},{"damage":4,"enemies":"Cultist","floor":4,"turns":3},{"damage":0,"enemies":"2 Louse","floor":5,"turns":3},{"damage":15,"enemies":"Exordium Wildlife","floor":8,"turns":6},{"damage":6,"enemies":"Looter","floor":11,"turns":4},{"damage":11,"enemies":"Gremlin Nob","floor":12,"turns":3},{"damage":15,"enemies":"3 Sentries","floor":14,"turns":6},{"damage":12,"enemies":"The Guardian","floor":16,"turns":13},{"damage":21,"enemies":"2 Thieves","floor":18,"turns":3},{"damage":29,"enemies":"3 Byrds","floor":20,"turns":2}],"seed_played":"-8634960209841972489","potions_obtained":[{"floor":1,"key":"Regen Potion"},{"floor":16,"key":"Strength Potion"},{"floor":18,"key":"Dexterity Potion"}],"is_trial":false,"path_per_floor":["M","?","$","M","M","R","?","M","T","R","M","E","$","E","R","B",null,"M","?","M"],"character_chosen":"DEFECT","items_purchased":["Melter","Auto Shields"],"campfire_rested":0,"item_purchase_floors":[3,13],"current_hp_per_floor":[59,53,53,49,49,49,49,34,34,34,28,17,17,17,17,5,49,28,28,0],"gold":122,"neow_bonus":"RANDOM_COLORLESS_2","is_prod":false,"is_daily":false,"chose_seed":false,"campfire_upgraded":3,"win_rate":0,"timestamp":1703109211,"path_taken":["M","?","$","M","?","R","?","M","T","R","M","E","$","E","R","BOSS","M","?","M"],"build_version":"2022-12-18","purchased_purges":1,"victory":false,"max_hp_per_floor":[64,64,64,64,64,64,64,64,64,64,64,64,64,64,64,64,64,64,64,64],"card_choices":[{"not_picked":["Sadistic Nature","Chrysalis"],"picked":"Thinking Ahead","floor":0},{"not_picked":["Storm","Turbo"],"picked":"Coolheaded","floor":1},{"not_picked":["Cold Snap","Beam Cell"],"picked":"Doom and Gloom","floor":4},{"not_picked":["Auto Shields","Barrage"],"picked":"Defragment","floor":5},{"not_picked":["White Noise","Heatsinks"],"picked":"Go for the Eyes","floor":8},{"not_picked":["Scrape","Rebound"],"picked":"Skim","floor":11},{"not_picked":["Turbo","Genetic Algorithm"],"picked":"Ball Lightning","floor":12},{"not_picked":["Steam","Amplify"],"picked":"Capacitor","floor":14},{"not_picked":["Amplify","Hyperbeam"],"picked":"Biased Cognition","floor":16},{"not_picked":["Double Energy","White Noise"],"picked":"Glacier","floor":18},{"not_picked":["Sweeping Beam","Gash","Streamline"],"picked":"SKIP","floor":18}],"player_experience":1035147,"relics_obtained":[{"floor":9,"key":"Turnip"},{"floor":12,"key":"Prayer Wheel"},{"floor":14,"key":"Tiny Chest"}],"event_choices":[{"damage_healed":0,"gold_gain":50,"player_choice":"Touch","damage_taken":6,"max_hp_gain":0,"max_hp_loss":0,"event_name":"FaceTrader","floor":2,"gold_loss":0},{"damage_healed":0,"gold_gain":0,"player_choice":"Searched \u00271\u0027 times","damage_taken":0,"relics_obtained":["Girya"],"max_hp_gain":0,"max_hp_loss":0,"event_name":"Dead Adventurer","floor":7,"gold_loss":0},{"damage_healed":0,"gold_gain":0,"player_choice":"Simplicity","damage_taken":0,"max_hp_gain":0,"max_hp_loss":0,"event_name":"Back to Basics","floor":19,"gold_loss":0,"cards_upgraded":["Strike_B","Strike_B","Strike_B","Defend_B","Defend_B","Defend_B","Defend_B"]}],"is_beta":false,"boss_relics":[{"not_picked":["Tiny House","SacredBark"],"picked":"Philosopher\u0027s Stone"}],"items_purged_floors":[3],"is_endless":false,"potions_floor_spawned":[1,16,18],"killed_by":"3 Byrds","ascension_level":18}