{"gold_per_floor":[17,17,32,42,61,92,92,104,128,128,139,139,158,184,184,262,262,234,234,6,26,26,26],"floor_reached":23,"playtime":805,"items_purged":["Strike_B"],"score":386,"play_id":"81227f24-f452-43e7-aa9e-46df05f34ddc","local_time":"20231222011246","is_ascension_mode":true,"campfire_choices":[{"data":"Hologram","floor":7,"key":"SMITH"},{"data":"Steam","floor":10,"key":"SMITH"},{"floor":12,"key":"REST"},{"data":"Dualcast","floor":15,"key":"SMITH"}],"neow_cost":"NO_GOLD","seed_source_timestamp":744536422014100,"circlet_count":0,"master_deck":["AscendersBane","Defend_B","Defend_B","Defend_B","Zap","Dualcast+1","Ball Lightning","Capacitor","Skim","Ball Lightning","Hologram+1","Steam+1","Auto Shields","Glacier","Seek","Steam"],"relics":["Cracked Core","Bird Faced Urn","Centennial Puzzle","Art of War","SlaversCollar","Membership Card"],"potions_floor_usage":[21,23],"damage_taken":[{"damage":7,"enemies":"Small Slimes","floor":1,"turns":3},{"damage":0,"enemies":"Cultist","floor":3,"turns":3},{"damage":7,"enemies":"Jaw Worm","floor":4,"turns":3},{"damage":10,"enemies":"Exordium Wildlife","floor":5,"turns":3},{"damage":8,"enemies":"Gremlin Nob","floor":6,"turns":3},{"damage":8,"enemies":"Blue Slaver","floor":8,"turns":3},{"damage":9,"enemies":"3 Louse","floor":11,"turns":3},{"damage":3,"enemies":"Looter","floor":13,"turns":2},{"damage":4,"enemies":"Lagavulin","floor":14,"turns":6},{"damage":22,"enemies":"Hexaghost","floor":16,"turns":10},{"damage":11,"enemies":"2 Thieves","floor":18,"turns":4},{"damage":5,"enemies":"3 Byrds","floor":21,"turns":4},{"damage":56,"enemies":"Slavers","floor":23,"turns":4}],"seed_played":"-6766047625031314074","potions_obtained":[{"floor":3,"key":"PotionOfCapacity"},{"floor":6,"key":"DuplicationPotion"},{"floor":13,"key":"Explosive Potion"}],"is_trial":false,"path_per_floor":["M","?","M","M","M","E","R","M","T","R","M","R","M","E","R","B",null,"M","?","$","M","?","E"],"character_chosen":"DEFECT","items_purchased":["Membership Card","Steam"],"campfire_rested":1,"item_purchase_floors":[20,20],"current_hp_per_floor":[57,57,57,50,40,32,32,24,24,24,15,36,33,31,31,11,56,45,45,45,42,42,0],"gold":26,"neow_bonus":"REMOVE_TWO","is_prod":false,"is_daily":false,"chose_seed":false,"campfire_upgraded":3,"win_rate":0,"timestamp":1703236366,"path_taken":["M","?","M","M","M","E","R","M","T","R","M","R","M","E","R","BOSS","M","?","$","M","?","E"],"build_version":"2022-12-18","purchased_purges":1,"victory":false,"max_hp_per_floor":[71,71,71,71,71,71,71,71,71,71,71,71,71,71,71,71,71,71,71,71,71,71,71],"card_choices":[{"not_picked":["Stack","Heatsinks"],"picked":"Ball Lightning","floor":1},{"not_picked":["Force Field","Streamline"],"picked":"Capacitor","floor":3},{"not_picked":["Force Field","Scrape"],"picked":"Skim","floor":4},{"not_picked":["Conserve Battery","Hello World"],"picked":"Ball Lightning","floor":5},{"not_picked":["Go for the Eyes","Stack"],"picked":"Hologram","floor":6},{"not_picked":["Skim","Stack"],"picked":"Steam","floor":8},{"not_picked":["Steam Power","Leap"],"picked":"Auto Shields","floor":11},{"not_picked":["Fusion","Redo"],"picked":"Glacier","floor":13},{"not_picked":["Gash","Beam Cell","Leap"],"picked":"SKIP","floor":14},{"not_picked":["Reboot","Echo Form"],"picked":"Seek","floor":16},{"not_picked":["Barrage","Static Discharge+1","Stack"],"picked":"SKIP","floor":18},{"not_picked":["Rebound","Chaos","Beam Cell+1"],"picked":"SKIP","floor":21}],"player_experience":1037460,"relics_obtained":[{"floor":6,"key":"Bird Faced Urn"},{"floor":9,"key":"Centennial Puzzle"},{"floor":14,"key":"Art of War"}],"event_choices":[{"damage_healed":0,"gold_gain":0,"player_choice":"0 cards matched","damage_taken":0,"max_hp_gain":0,"max_hp_loss":0,"event_name":"Match and Keep!","floor":2,"gold_loss":0,"cards_obtained":[]},{"cards_removed":["Strike_B"],"damage_healed":0,"gold_gain":0,"player_choice":"Elegance","damage_taken":0,"max_hp_gain":0,"max_hp_loss":0,"event_name":"Back to Basics","floor":19,"gold_loss":0},{"cards_removed":["Strike_B"],"damage_healed":0,"gold_gain":0,"player_choice":"Offered Basic","damage_taken":0,"max_hp_gain":0,"max_hp_loss":0,"event_name":"Bonfire Elementals","floor":22,"gold_loss":0}],"is_beta":false,"boss_relics":[{"not_picked":["Black Star","Empty Cage"],"picked":"SlaversCollar"}],"items_purged_floors":[20],"is_endless":false,"potions_floor_spawned":[3,6,13,14,16,18],"killed_by":"Slavers","ascension_level":18}