{"gold_per_floor":[112,125,145,160,172,201,201,233,233,233,268,268,268],"floor_reached":13,"playtime":464,"items_purged":[],"score":210,"play_id":"2327223f-7576-4d5f-b297-f602fae28132","local_time":"20231231232354","is_ascension_mode":true,"campfire_choices":[{"data":"Hyperbeam","floor":7,"key":"SMITH"},{"floor":10,"key":"REST"}],"neow_cost":"TEN_PERCENT_HP_LOSS","seed_source_timestamp":1602362906222900,"circlet_count":0,"master_deck":["AscendersBane","Strike_B","Strike_B","Strike_B","Strike_B","Defend_B","Defend_B","Defend_B+1","Defend_B+1","Zap","Dualcast","Biased Cognition","Compile Driver","Cold Snap","Coolheaded","Hyperbeam+1","Defragment","Undo","Self Repair"],"special_seed":0,"relics":["Cracked Core","Bag of Marbles","InkBottle","Question Card","StrikeDummy"],"potions_floor_usage":[6,13],"damage_taken":[{"damage":4.0,"enemies":"Jaw Worm","floor":1.0,"turns":3.0},{"damage":3.0,"enemies":"2 Louse","floor":2.0,"turns":2.0},{"damage":0.0,"enemies":"Cultist","floor":3.0,"turns":3.0},{"damage":33.0,"enemies":"Exordium Thugs","floor":4.0,"turns":8.0},{"damage":2.0,"enemies":"Exordium Wildlife","floor":5.0,"turns":3.0},{"damage":3,"enemies":"Lagavulin","floor":6,"turns":7},{"damage":4,"enemies":"Gremlin Nob","floor":8,"turns":3},{"damage":8,"enemies":"3 Sentries","floor":11,"turns":4},{"damage":11,"enemies":"Gremlin Nob","floor":13,"turns":2}],"seed_played":"-8523311510333371073","potions_obtained":[{"floor":1.0,"key":"CultistPotion"},{"floor":3.0,"key":"LiquidBronze"},{"floor":4.0,"key":"Fire Potion"}],"is_trial":false,"path_per_floor":["M","M","M","M","M","E","R","E","T","R","E","?","E"],"character_chosen":"DEFECT","items_purchased":[],"campfire_rested":1,"item_purchase_floors":[],"current_hp_per_floor":[60,57,57,24,22,19,19,15,15,34,26,7,0],"gold":268,"neow_bonus":"THREE_RARE_CARDS","is_prod":false,"is_daily":false,"chose_seed":false,"campfire_upgraded":1,"win_rate":0,"timestamp":1704093834,"path_taken":["M","M","M","M","M","E","R","E","T","R","E","?","E"],"build_version":"2022-12-18","purchased_purges":0,"victory":false,"max_hp_per_floor":[64,64,64,64,64,64,64,64,64,64,64,64,64],"card_choices":[{"not_picked":["Seek","Echo Form"],"picked":"Biased Cognition","floor":0.0},{"not_picked":["Reprogram","Coolheaded"],"picked":"Compile Driver","floor":1.0},{"not_picked":["Static Discharge","Rebound"],"picked":"Cold Snap","floor":2.0},{"not_picked":["Streamline","Hologram"],"picked":"Coolheaded","floor":3.0},{"not_picked":["Conserve Battery","FTL"],"picked":"Hyperbeam","floor":4.0},{"not_picked":["Streamline","Rebound"],"picked":"Defragment","floor":5.0},{"not_picked":["FTL","Melter"],"picked":"Undo","floor":6},{"not_picked":["Barrage","Rebound","Conserve Battery"],"picked":"SKIP","floor":8},{"not_picked":["Go for the Eyes","Tempest","Buffer"],"picked":"Self Repair","floor":11}],"player_experience":1147942,"relics_obtained":[{"floor":6,"key":"Bag of Marbles"},{"floor":8,"key":"InkBottle"},{"floor":9,"key":"Question Card"},{"floor":11,"key":"StrikeDummy"}],"event_choices":[{"damage_healed":0,"gold_gain":0,"player_choice":"Entered Light","damage_taken":19,"max_hp_gain":0,"max_hp_loss":0,"event_name":"Shining Light","floor":12,"gold_loss":0,"cards_upgraded":["Defend_B","Defend_B"]}],"is_beta":false,"boss_relics":[],"items_purged_floors":[],"is_endless":false,"potions_floor_spawned":[1,3,4],"killed_by":"Gremlin Nob","ascension_level":20}