{"gold_per_floor":[209,229,304,323,341,341,58,58,58,91,106,71,84,109,109,187,187,198,216,266,278,291,291,291,291,291,325,325,26,64,83,83,167,194,206,227,227,134,168,168,186,86,86,124,124,162,186,186,186,186],"floor_reached":50,"playtime":2446,"items_purged":["Strike_B","Defend_B"],"score":1254,"play_id":"dd2a9cc6-239c-4728-b18d-3dfa770bd3de","local_time":"20231231223357","is_ascension_mode":true,"campfire_choices":[{"data":"Sweeping Beam","floor":6,"key":"SMITH"},{"data":"Lockon","floor":8,"key":"SMITH"},{"data":"Defragment","floor":15,"key":"SMITH"},{"data":"Seek","floor":23,"key":"SMITH"},{"data":"Dualcast","floor":24,"key":"SMITH"},{"data":"Electrodynamics","floor":25,"key":"SMITH"},{"data":"Hologram","floor":28,"key":"SMITH"},{"data":"Capacitor","floor":32,"key":"SMITH"},{"data":"Heatsinks","floor":40,"key":"SMITH"},{"floor":45,"key":"DIG"},{"floor":49,"key":"RECALL"}],"neow_cost":"NONE","seed_source_timestamp":1597425517880700,"circlet_count":0,"master_deck":["AscendersBane","Defend_B","Defend_B","Defend_B","Zap","Dualcast+1","Glacier","Sweeping Beam+1","Cold Snap","Cold Snap","Defragment+1","Lockon+1","Hologram+1","Electrodynamics+1","Seek+1","Ball Lightning","Reinforced Body","Compile Driver","Defragment","Coolheaded+1","Capacitor+1","Echo Form","Doom and Gloom+1","Turbo+1","Creative AI+1","Turbo+1","Parasite","Heatsinks+1","Undo","Recycle+1","Skim+1"],"relics":["Cracked Core","Ancient Tea Set","Letter Opener","WingedGreaves","Coffee Dripper","Potion Belt","PreservedInsect","OrangePellets","CeramicFish","Astrolabe","Dream Catcher","Shovel","Pen Nib","Pocketwatch"],"potions_floor_usage":[14,16,30,31,33,33,46,50],"damage_taken":[{"damage":5,"enemies":"Small Slimes","floor":1,"turns":3},{"damage":8,"enemies":"Jaw Worm","floor":2,"turns":4},{"damage":1,"enemies":"2 Louse","floor":4,"turns":3},{"damage":13,"enemies":"Exordium Wildlife","floor":5,"turns":6},{"damage":11,"enemies":"Lagavulin","floor":10,"turns":7},{"damage":0,"enemies":"Red Slaver","floor":11,"turns":4},{"damage":2,"enemies":"Blue Slaver","floor":13,"turns":5},{"damage":0,"enemies":"Gremlin Nob","floor":14,"turns":2},{"damage":7,"enemies":"Hexaghost","floor":16,"turns":10},{"damage":4,"enemies":"Spheric Guardian","floor":18,"turns":5},{"damage":18,"enemies":"2 Thieves","floor":19,"turns":3},{"damage":1,"enemies":"Snake Plant","floor":21,"turns":5},{"damage":1,"enemies":"Chosen and Byrds","floor":22,"turns":4},{"damage":1,"enemies":"Gremlin Leader","floor":27,"turns":7},{"damage":0,"enemies":"Slavers","floor":30,"turns":3},{"damage":5,"enemies":"Shelled Parasite and Fungi","floor":31,"turns":6},{"damage":4,"enemies":"Champ","floor":33,"turns":9},{"damage":11,"enemies":"Orb Walker","floor":35,"turns":3},{"damage":2,"enemies":"3 Shapes","floor":36,"turns":3},{"damage":12,"enemies":"Writhing Mass","floor":39,"turns":9},{"damage":0,"enemies":"4 Shapes","floor":41,"turns":3},{"damage":14,"enemies":"Nemesis","floor":44,"turns":7},{"damage":6,"enemies":"Reptomancer","floor":46,"turns":3},{"damage":0,"enemies":"Maw","floor":47,"turns":5},{"damage":31,"enemies":"Awakened One","floor":50,"turns":2}],"seed_played":"3946329851968452343","potions_obtained":[{"floor":1,"key":"SpeedPotion"},{"floor":5,"key":"Block Potion"},{"floor":13,"key":"AttackPotion"},{"floor":21,"key":"Dexterity Potion"},{"floor":22,"key":"EssenceOfDarkness"},{"floor":30,"key":"LiquidMemories"},{"floor":35,"key":"DuplicationPotion"},{"floor":39,"key":"FearPotion"},{"floor":41,"key":"SneckoOil"},{"floor":46,"key":"ColorlessPotion"},{"floor":48,"key":"LiquidBronze"}],"is_trial":false,"path_per_floor":["M","M","?","M","M","R","$","R","T","E","M","?","M","E","R","B",null,"M","M","?","M","M","R","R","R","T","E","R","$","E","M","R","B",null,"M","M","?","?","M","R","M","$","T","E","R","E","M","?","R","B"],"character_chosen":"DEFECT","items_purchased":["Defragment","Lockon","DuplicationPotion","Defragment","OrangePellets","AttackPotion"],"campfire_rested":0,"item_purchase_floors":[7,7,7,29,29,29],"current_hp_per_floor":[59,51,40,39,26,26,26,26,26,15,15,32,30,30,30,23,59,55,37,37,36,35,35,35,35,35,34,34,34,34,29,29,25,60,49,47,47,47,35,35,35,35,35,21,21,15,15,15,15,0],"gold":186,"neow_bonus":"HUNDRED_GOLD","is_prod":false,"is_daily":false,"chose_seed":false,"campfire_upgraded":9,"win_rate":0,"timestamp":1704090837,"path_taken":["M","M","?","M","M","R","$","R","T","E","M","?","M","E","R","BOSS","M","M","?","M","M","R","R","R","T","E","R","$","E","M","R","BOSS","M","M","?","?","M","R","M","$","T","E","R","E","?","?","R","BOSS"],"build_version":"2022-12-18","purchased_purges":2,"victory":false,"max_hp_per_floor":[71,71,71,71,71,71,71,71,71,71,71,71,71,71,71,71,71,71,71,71,71,71,71,71,71,71,71,71,71,71,71,71,71,71,71,71,67,67,67,67,67,67,67,67,67,67,67,67,67,67],"card_choices":[{"not_picked":["Lockon","FTL"],"picked":"Glacier","floor":1},{"not_picked":["Recycle","Go for the Eyes"],"picked":"Sweeping Beam","floor":2},{"not_picked":["White Noise","Consume"],"picked":"Cold Snap","floor":4},{"not_picked":["Stack","FTL"],"picked":"Cold Snap","floor":5},{"not_picked":["Barrage","Amplify","Double Energy"],"picked":"SKIP","floor":10},{"not_picked":["White Noise","Redo"],"picked":"Hologram","floor":11},{"not_picked":["Sweeping Beam","Aggregate","Cold Snap"],"picked":"SKIP","floor":13},{"not_picked":["Streamline","Steam"],"picked":"Electrodynamics","floor":14},{"not_picked":["All For One","Echo Form"],"picked":"Seek","floor":16},{"not_picked":["Stack","Cold Snap"],"picked":"Ball Lightning","floor":18},{"not_picked":["Steam","Chaos"],"picked":"Reinforced Body","floor":19},{"not_picked":["Scrape","Redo","Gash"],"picked":"SKIP","floor":21},{"not_picked":["Ball Lightning+1","Redo","Tempest"],"picked":"SKIP","floor":22},{"not_picked":["Recycle","Streamline"],"picked":"Compile Driver","floor":27},{"not_picked":["Barrage","Double Energy+1"],"picked":"Coolheaded+1","floor":30},{"not_picked":["Stack","Skim"],"picked":"Capacitor","floor":31},{"not_picked":["Seek","Machine Learning"],"picked":"Echo Form","floor":33},{"not_picked":["Gash","Rip and Tear+1","Conserve Battery"],"picked":"SKIP","floor":35},{"not_picked":["Stack+1","Steam Power+1"],"picked":"Turbo+1","floor":36},{"not_picked":["Rebound","Redo"],"picked":"Heatsinks","floor":39},{"not_picked":["Scrape","Storm","Creative AI"],"picked":"SKIP","floor":41},{"not_picked":["Scrape","Storm","Creative AI"],"picked":"SKIP","floor":41},{"not_picked":["Steam","Chill"],"picked":"Undo","floor":44},{"not_picked":["Beam Cell","Melter+1"],"picked":"Recycle+1","floor":46},{"not_picked":["Leap","Steam+1"],"picked":"Skim+1","floor":47}],"player_experience":1145496,"relics_obtained":[{"floor":9,"key":"Ancient Tea Set"},{"floor":10,"key":"Letter Opener"},{"floor":14,"key":"WingedGreaves"},{"floor":26,"key":"Potion Belt"},{"floor":27,"key":"PreservedInsect"},{"floor":30,"key":"CeramicFish"},{"floor":44,"key":"Shovel"},{"floor":45,"key":"Pen Nib"},{"floor":46,"key":"Pocketwatch"}],"event_choices":[{"damage_healed":0,"gold_gain":75,"player_choice":"Gather Gold","damage_taken":11,"max_hp_gain":0,"max_hp_loss":0,"event_name":"World of Goop","floor":3,"gold_loss":0},{"damage_healed":17,"gold_gain":0,"player_choice":"Healed","damage_taken":0,"max_hp_gain":0,"max_hp_loss":0,"event_name":"The Cleric","floor":12,"gold_loss":35},{"damage_healed":0,"gold_gain":50,"player_choice":"Stole From Cult","damage_taken":0,"max_hp_gain":0,"max_hp_loss":0,"event_name":"Nest","floor":20,"gold_loss":0},{"damage_healed":0,"gold_gain":0,"player_choice":"Max HP","damage_taken":0,"max_hp_gain":0,"max_hp_loss":4,"event_name":"Winding Halls","floor":37,"gold_loss":0},{"damage_healed":0,"gold_gain":0,"player_choice":"Paid Gold","damage_taken":0,"relics_obtained":["Dream Catcher"],"max_hp_gain":0,"max_hp_loss":0,"event_name":"WeMeetAgain","floor":38,"gold_loss":93},{"damage_healed":0,"gold_gain":0,"player_choice":"Got Potions","damage_taken":0,"max_hp_gain":0,"max_hp_loss":0,"event_name":"Lab","floor":48,"gold_loss":0}],"is_beta":false,"boss_relics":[{"not_picked":["Velvet Choker","Snecko Eye"],"picked":"Coffee Dripper"},{"not_picked":["Calling Bell","Busted Crown"],"picked":"Astrolabe"}],"items_purged_floors":[7,42],"is_endless":false,"potions_floor_spawned":[1,5,11,13,21,22,30,35,39,41,46],"killed_by":"Awakened One","ascension_level":20}